<?xml version="1.0" encoding="UTF-8"?>
<!DOCTYPE html PUBLIC "-//W3C//DTD XHTML 1.0 Transitional//EN"
    "http://www.w3.org/TR/xhtml1/DTD/xhtml1-transitional.dtd">
<html xmlns="http://www.w3.org/1999/xhtml" xml:lang="en" lang="en">
 <head>
  <title>
</title>
<meta http-equiv="Content-Type" content="text/html;charset=utf-8" />
  <meta name='ocr-system' content='tesseract 3.04.00' />
  <meta name='ocr-capabilities' content='ocr_page ocr_carea ocr_par ocr_line ocrx_word'/>
</head>
<body>
  <div class='ocr_page' id='page_1' title='image "./deorationishype00pabsgoog_0017.png"; bbox 0 0 3330 5542; ppageno 0'>
   <div class='ocr_carea' id='block_1_1' title="bbox 763 263 961 324">
    <p class='ocr_par' dir='ltr' id='par_1_1' title="bbox 763 263 961 324">
     <span class='ocr_line' id='line_1_1' title="bbox 763 263 961 324; baseline -0.005 -16"><span class='ocrx_word' id='word_1_1' title='bbox 763 263 961 324; x_wconf 78' lang='lat'><strong>..3-</strong></span> 
     </span>
    </p>
   </div>
   <div class='ocr_carea' id='block_1_2' title="bbox 223 457 1508 634">
    <p class='ocr_par' dir='ltr' id='par_1_2' title="bbox 223 457 1508 634">
     <span class='ocr_line' id='line_1_2' title="bbox 224 457 1508 543; baseline -0.003 -18"><span class='ocrx_word' id='word_1_2' title='bbox 224 465 260 526; x_wconf 91' lang='lat' dir='ltr'>ut</span> <span class='ocrx_word' id='word_1_3' title='bbox 283 482 356 526; x_wconf 92' lang='lat' dir='ltr'>eum</span> <span class='ocrx_word' id='word_1_4' title='bbox 379 462 433 543; x_wconf 93' lang='lat' dir='ltr'>qui</span> <span class='ocrx_word' id='word_1_5' title='bbox 455 458 658 522; x_wconf 80' lang='lat' dir='ltr'>maledixerat</span> <span class='ocrx_word' id='word_1_6' title='bbox 680 458 813 541; x_wconf 89' lang='lat' dir='ltr'>puniret,</span> <span class='ocrx_word' id='word_1_7' title='bbox 837 459 864 522; x_wconf 91' lang='lat' dir='ltr'>si</span> <span class='ocrx_word' id='word_1_8' title='bbox 886 457 996 541; x_wconf 80' lang='lat' dir='ltr'>potuit,</span> <span class='ocrx_word' id='word_1_9' title='bbox 1020 477 1078 521; x_wconf 88' lang='lat' dir='ltr'>sua</span> <span class='ocrx_word' id='word_1_10' title='bbox 1096 458 1288 524; x_wconf 87' lang='lat' dir='ltr'>auctoritate.</span> <span class='ocrx_word' id='word_1_11' title='bbox 1317 458 1406 538; x_wconf 80' lang='lat' dir='ltr'>Quod</span> <span class='ocrx_word' id='word_1_12' title='bbox 1426 458 1508 540; x_wconf 87' lang='lat' dir='ltr'>quin</span> 
     </span>
     <span class='ocr_line' id='line_1_3' title="bbox 223 565 665 634; baseline -0.016 0"><span class='ocrx_word' id='word_1_13' title='bbox 223 589 333 634; x_wconf 83' lang='lat' dir='ltr'>verum</span> <span class='ocrx_word' id='word_1_14' title='bbox 357 569 398 632; x_wconf 93' lang='lat' dir='ltr'>sit</span> <span class='ocrx_word' id='word_1_15' title='bbox 421 587 512 632; x_wconf 88' lang='lat' dir='ltr'>nemo</span> <span class='ocrx_word' id='word_1_16' title='bbox 536 565 665 630; x_wconf 87' lang='lat' dir='ltr'>dubitat.</span> 
     </span>
    </p>
   </div>
   <div class='ocr_carea' id='block_1_3' title="bbox 214 690 1508 1312">
    <p class='ocr_par' dir='ltr' id='par_1_3' title="bbox 214 690 1508 1312">
     <span class='ocr_line' id='line_1_4' title="bbox 311 690 1508 775; baseline -0.002 -19"><span class='ocrx_word' id='word_1_17' title='bbox 311 693 487 775; x_wconf 80' lang='lat' dir='ltr'>Polyaenus</span> <span class='ocrx_word' id='word_1_18' title='bbox 516 693 622 756; x_wconf 89' lang='lat' dir='ltr'>autem</span> <span class='ocrx_word' id='word_1_19' title='bbox 651 709 684 754; x_wconf 90' lang='lat' dir='ltr'>se</span> <span class='ocrx_word' id='word_1_20' title='bbox 711 690 813 772; x_wconf 84' lang='lat' dir='ltr'>legem</span> <span class='ocrx_word' id='word_1_21' title='bbox 836 690 969 755; x_wconf 84' lang='lat' dir='ltr'>violasse</span> <span class='ocrx_word' id='word_1_22' title='bbox 993 693 1094 773; x_wconf 81' lang='lat' dir='ltr'>negat.</span> <span class='ocrx_word' id='word_1_23' title='bbox 1141 691 1243 770; x_wconf 80' lang='lat' dir='ltr'>Quare</span> <span class='ocrx_word' id='word_1_24' title='bbox 1273 693 1304 756; x_wconf 88' lang='lat' dir='ltr'>et</span> <span class='ocrx_word' id='word_1_25' title='bbox 1326 692 1411 768; x_wconf 87' lang='lat' dir='ltr'>haec,</span> <span class='ocrx_word' id='word_1_26' title='bbox 1445 709 1508 771; x_wconf 88' lang='lat' dir='ltr'>qua</span> 
     </span>
     <span class='ocr_line' id='line_1_5' title="bbox 222 797 1506 885; baseline -0.002 -21"><span class='ocrx_word' id='word_1_27' title='bbox 222 803 288 885; x_wconf 93' lang='lat' dir='ltr'>ipse</span> <span class='ocrx_word' id='word_1_28' title='bbox 304 801 426 884; x_wconf 85' lang='lat' dir='ltr'>nititur,</span> <span class='ocrx_word' id='word_1_29' title='bbox 449 802 480 864; x_wconf 92' lang='lat' dir='ltr'>et</span> <span class='ocrx_word' id='word_1_30' title='bbox 504 800 591 876; x_wconf 89' lang='lat' dir='ltr'>aliae,</span> <span class='ocrx_word' id='word_1_31' title='bbox 609 815 688 881; x_wconf 85' lang='lat' dir='ltr'>quae</span> <span class='ocrx_word' id='word_1_32' title='bbox 711 797 773 861; x_wconf 92' lang='lat' dir='ltr'>huc</span> <span class='ocrx_word' id='word_1_33' title='bbox 791 798 874 861; x_wconf 90' lang='lat' dir='ltr'>trahi</span> <span class='ocrx_word' id='word_1_34' title='bbox 893 798 1014 875; x_wconf 90' lang='lat' dir='ltr'>debent,</span> <span class='ocrx_word' id='word_1_35' title='bbox 1039 798 1076 862; x_wconf 90' lang='lat' dir='ltr'>de</span> <span class='ocrx_word' id='word_1_36' title='bbox 1092 801 1256 864; x_wconf 91' lang='lat' dir='ltr'>verborum</span> <span class='ocrx_word' id='word_1_37' title='bbox 1275 799 1398 862; x_wconf 89' lang='lat' dir='ltr'>iniuriis</span> <span class='ocrx_word' id='word_1_38' title='bbox 1420 798 1506 880; x_wconf 83' lang='lat' dir='ltr'>leges</span> 
     </span>
     <span class='ocr_line' id='line_1_6' title="bbox 223 904 1506 991; baseline -0.002 -19"><span class='ocrx_word' id='word_1_39' title='bbox 223 909 388 991; x_wconf 82' lang='lat' dir='ltr'>diligenter</span> <span class='ocrx_word' id='word_1_40' title='bbox 410 908 498 973; x_wconf 90' lang='lat' dir='ltr'>nobis</span> <span class='ocrx_word' id='word_1_41' title='bbox 522 904 735 988; x_wconf 81' lang='lat' dir='ltr'>inspiciendae</span> <span class='ocrx_word' id='word_1_42' title='bbox 759 906 841 981; x_wconf 92' lang='lat' dir='ltr'>sunt,</span> <span class='ocrx_word' id='word_1_43' title='bbox 874 906 1058 988; x_wconf 87' lang='lat' dir='ltr'>praesertim</span> <span class='ocrx_word' id='word_1_44' title='bbox 1091 926 1163 970; x_wconf 90' lang='lat' dir='ltr'>cum</span> <span class='ocrx_word' id='word_1_45' title='bbox 1194 907 1255 970; x_wconf 89' lang='lat' dir='ltr'>viri</span> <span class='ocrx_word' id='word_1_46' title='bbox 1289 907 1371 972; x_wconf 90' lang='lat' dir='ltr'>docti</span> <span class='ocrx_word' id='word_1_47' title='bbox 1400 907 1506 971; x_wconf 86' lang='lat' dir='ltr'>decis</span> 
     </span>
     <span class='ocr_line' id='line_1_7' title="bbox 221 1011 1507 1098; baseline -0.002 -17"><span class='ocrx_word' id='word_1_48' title='bbox 221 1018 304 1080; x_wconf 91' lang='lat' dir='ltr'>inter</span> <span class='ocrx_word' id='word_1_49' title='bbox 327 1036 360 1080; x_wconf 87' lang='lat' dir='ltr'>se</span> <span class='ocrx_word' id='word_1_50' title='bbox 383 1035 446 1080; x_wconf 92' lang='lat' dir='ltr'>non</span> <span class='ocrx_word' id='word_1_51' title='bbox 470 1014 546 1078; x_wconf 88' lang='lat' dir='ltr'>satis</span> <span class='ocrx_word' id='word_1_52' title='bbox 564 1012 767 1077; x_wconf 89' lang='lat' dir='ltr'>consentiant.</span> <span class='ocrx_word' id='word_1_53' title='bbox 796 1011 916 1090; x_wconf 80' lang='lat' dir='ltr'>Quibus</span> <span class='ocrx_word' id='word_1_54' title='bbox 934 1014 1076 1076; x_wconf 83' lang='lat' dir='ltr'>accurate</span> <span class='ocrx_word' id='word_1_55' title='bbox 1091 1015 1271 1098; x_wconf 87' lang='lat' dir='ltr'>perspectis,</span> <span class='ocrx_word' id='word_1_56' title='bbox 1294 1017 1363 1078; x_wconf 93' lang='lat' dir='ltr'>tum</span> <span class='ocrx_word' id='word_1_57' title='bbox 1379 1015 1507 1078; x_wconf 93' lang='lat' dir='ltr'>demum</span> 
     </span>
     <span class='ocr_line' id='line_1_8' title="bbox 221 1119 1506 1210; baseline -0.003 -22"><span class='ocrx_word' id='word_1_58' title='bbox 221 1144 298 1188; x_wconf 92' lang='lat' dir='ltr'>num</span> <span class='ocrx_word' id='word_1_59' title='bbox 321 1125 380 1187; x_wconf 89' lang='lat' dir='ltr'>hac</span> <span class='ocrx_word' id='word_1_60' title='bbox 412 1123 446 1186; x_wconf 92' lang='lat' dir='ltr'>in</span> <span class='ocrx_word' id='word_1_61' title='bbox 479 1140 574 1186; x_wconf 87' lang='lat' dir='ltr'>causa</span> <span class='ocrx_word' id='word_1_62' title='bbox 605 1120 672 1183; x_wconf 90' lang='lat' dir='ltr'>iure</span> <span class='ocrx_word' id='word_1_63' title='bbox 696 1119 897 1201; x_wconf 85' lang='lat' dir='ltr'>imperatores</span> <span class='ocrx_word' id='word_1_64' title='bbox 921 1119 1076 1202; x_wconf 86' lang='lat' dir='ltr'>Polyaeno</span> <span class='ocrx_word' id='word_1_65' title='bbox 1105 1119 1269 1210; x_wconf 69' lang='grc' dir='ltr'><strong><em>ἐπιβολὴν</em></strong></span> <span class='ocrx_word' id='word_1_66' title='bbox 1291 1122 1506 1205; x_wconf 77' lang='lat' dir='ltr'>imposuerint,</span> 
     </span>
     <span class='ocr_line' id='line_1_9' title="bbox 214 1228 578 1312; baseline -0.011 -17"><span class='ocrx_word' id='word_1_67' title='bbox 214 1231 374 1295; x_wconf 79' lang='lat' dir='ltr'>‘disserere</span> <span class='ocrx_word' id='word_1_68' title='bbox 398 1228 578 1312; x_wconf 90' lang='lat' dir='ltr'>poterimus.</span> 
     </span>
    </p>
   </div>
   <div class='ocr_carea' id='block_1_4' title="bbox 216 1351 1508 4072">
    <p class='ocr_par' dir='ltr' id='par_1_4' title="bbox 216 1351 1508 4072">
     <span class='ocr_line' id='line_1_10' title="bbox 310 1351 1507 1436; baseline 0 -18"><span class='ocrx_word' id='word_1_69' title='bbox 310 1355 357 1418; x_wconf 91' lang='lat' dir='ltr'>De</span> <span class='ocrx_word' id='word_1_70' title='bbox 381 1355 548 1418; x_wconf 92' lang='lat' dir='ltr'>verborum</span> <span class='ocrx_word' id='word_1_71' title='bbox 570 1351 700 1428; x_wconf 90' lang='lat' dir='ltr'>iniuriis,</span> <span class='ocrx_word' id='word_1_72' title='bbox 726 1352 763 1416; x_wconf 90' lang='lat' dir='ltr'>dc</span> <span class='ocrx_word' id='word_1_73' title='bbox 789 1352 901 1434; x_wconf 89' lang='lat' dir='ltr'>quibus</span> <span class='ocrx_word' id='word_1_74' title='bbox 924 1352 1080 1436; x_wconf 89' lang='lat' dir='ltr'>imprimis</span> <span class='ocrx_word' id='word_1_75' title='bbox 1103 1353 1184 1419; x_wconf 89' lang='lat' dir='ltr'>Her.</span> <span class='ocrx_word' id='word_1_76' title='bbox 1210 1353 1254 1436; x_wconf 87' lang='lat' dir='ltr'>(in</span> <span class='ocrx_word' id='word_1_77' title='bbox 1272 1355 1415 1436; x_wconf 84' lang='lat' dir='ltr'>»symbol</span> <span class='ocrx_word' id='word_1_78' title='bbox 1437 1356 1507 1419; x_wconf 74' lang='lat' dir='ltr'>etc«</span> 
     </span>
     <span class='ocr_line' id='line_1_11' title="bbox 220 1459 1505 1546; baseline 0 -20"><span class='ocrx_word' id='word_1_79' title='bbox 220 1463 323 1546; x_wconf 91' lang='lat' dir='ltr'>prima</span> <span class='ocrx_word' id='word_1_80' title='bbox 345 1459 446 1544; x_wconf 84' lang='lat' dir='ltr'>parte)</span> <span class='ocrx_word' id='word_1_81' title='bbox 471 1460 542 1542; x_wconf 83' lang='lat' dir='ltr'>egit,</span> <span class='ocrx_word' id='word_1_82' title='bbox 575 1460 638 1522; x_wconf 90' lang='lat' dir='ltr'>tres</span> <span class='ocrx_word' id='word_1_83' title='bbox 662 1459 721 1520; x_wconf 88' lang='lat' dir='ltr'>hae</span> <span class='ocrx_word' id='word_1_84' title='bbox 749 1459 834 1540; x_wconf 83' lang='lat' dir='ltr'>leges</span> <span class='ocrx_word' id='word_1_85' title='bbox 864 1461 994 1525; x_wconf 80' lang='lat' dir='ltr'>exstant.</span> <span class='ocrx_word' id='word_1_86' title='bbox 1041 1460 1147 1524; x_wconf 88' lang='lat' dir='ltr'>Prima</span> <span class='ocrx_word' id='word_1_87' title='bbox 1170 1461 1330 1524; x_wconf 88' lang='lat' dir='ltr'>invenitur</span> <span class='ocrx_word' id='word_1_88' title='bbox 1353 1481 1399 1544; x_wconf 88' lang='lat' dir='ltr'>ap.</span> <span class='ocrx_word' id='word_1_89' title='bbox 1423 1461 1505 1528; x_wconf 86' lang='lat' dir='ltr'>Plut.</span> 
     </span>
     <span class='ocr_line' id='line_1_12' title="bbox 220 1563 1506 1651; baseline 0.001 -18"><span class='ocrx_word' id='word_1_90' title='bbox 220 1570 253 1633; x_wconf 89' lang='lat' dir='ltr'>in</span> <span class='ocrx_word' id='word_1_91' title='bbox 277 1569 337 1635; x_wconf 77' lang='lat' dir='ltr'>Sol.</span> <span class='ocrx_word' id='word_1_92' title='bbox 354 1569 400 1645; x_wconf 82' lang='lat' dir='ltr'>V,</span> <span class='ocrx_word' id='word_1_93' title='bbox 424 1568 477 1632; x_wconf 89' lang='lat' dir='ltr'>ubi</span> <span class='ocrx_word' id='word_1_94' title='bbox 501 1568 538 1651; x_wconf 87' lang='grc' dir='ltr'>(ο.</span> <span class='ocrx_word' id='word_1_95' title='bbox 556 1565 611 1648; x_wconf 81' lang='grc'>21)</span> <span class='ocrx_word' id='word_1_96' title='bbox 634 1566 712 1628; x_wconf 85' lang='lat' dir='ltr'>haec</span> <span class='ocrx_word' id='word_1_97' title='bbox 734 1564 881 1646; x_wconf 78' lang='lat' dir='ltr'>legimus:</span> <span class='ocrx_word' id='word_1_98' title='bbox 908 1566 1015 1646; x_wconf 77' lang='grc' dir='ltr'><strong><em>ζῶντα</em></strong></span> <span class='ocrx_word' id='word_1_99' title='bbox 1040 1567 1077 1634; x_wconf 82' lang='grc' dir='ltr'>δέ</span> <span class='ocrx_word' id='word_1_100' title='bbox 1102 1569 1212 1644; x_wconf 77' lang='grc' dir='ltr'><strong><em>κακῶς</em></strong></span> <span class='ocrx_word' id='word_1_101' title='bbox 1232 1565 1341 1651; x_wconf 81' lang='grc' dir='ltr'><strong><em>λέγειν</em></strong></span> <span class='ocrx_word' id='word_1_102' title='bbox 1361 1563 1506 1634; x_wconf 80' lang='grc' dir='ltr'><strong><em>ἐκώλυσε</em></strong></span> 
     </span>
     <span class='ocr_line' id='line_1_13' title="bbox 220 1663 1508 1760; baseline 0.001 -24"><span class='ocrx_word' id='word_1_103' title='bbox 220 1667 364 1757; x_wconf 79' lang='grc' dir='ltr'>(Σάλιον)</span> <span class='ocrx_word' id='word_1_104' title='bbox 384 1668 472 1760; x_wconf 90' lang='grc' dir='ltr'><strong><em>πρδς</em></strong></span> <span class='ocrx_word' id='word_1_105' title='bbox 488 1666 591 1758; x_wconf 77' lang='grc' dir='ltr'><strong><em>ἱεροῖς</em></strong></span> <span class='ocrx_word' id='word_1_106' title='bbox 610 1667 667 1734; x_wconf 85' lang='grc' dir='ltr'>καί</span> <span class='ocrx_word' id='word_1_107' title='bbox 688 1665 920 1757; x_wconf 86' lang='grc' dir='ltr'><strong><em>δικαστηρίοις</em></strong></span> <span class='ocrx_word' id='word_1_108' title='bbox 934 1668 991 1735; x_wconf 85' lang='grc' dir='ltr'>καί</span> <span class='ocrx_word' id='word_1_109' title='bbox 1007 1663 1154 1757; x_wconf 78' lang='grc' dir='ltr'><em>ἀρχείοις</em></span> <span class='ocrx_word' id='word_1_110' title='bbox 1168 1668 1225 1735; x_wconf 86' lang='grc' dir='ltr'>καί</span> <span class='ocrx_word' id='word_1_111' title='bbox 1240 1668 1391 1758; x_wconf 86' lang='grc' dir='ltr'><strong><em>θεωρίας</em></strong></span> <span class='ocrx_word' id='word_1_112' title='bbox 1406 1663 1508 1760; x_wconf 79' lang='grc' dir='ltr'><strong><em>οίίσης</em></strong></span> 
     </span>
     <span class='ocr_line' id='line_1_14' title="bbox 219 1764 1506 1863; baseline -0.001 -23"><span class='ocrx_word' id='word_1_113' title='bbox 219 1768 364 1860; x_wconf 78' lang='grc' dir='ltr'><strong><em>ἀγώνιον,</em></strong></span> <span class='ocrx_word' id='word_1_114' title='bbox 381 1767 403 1862; x_wconf 82' lang='grc' dir='ltr'>ἢ</span> <span class='ocrx_word' id='word_1_115' title='bbox 419 1778 509 1861; x_wconf 85' lang='grc' dir='ltr'><strong><em>τρεῖς</em></strong></span> <span class='ocrx_word' id='word_1_116' title='bbox 525 1769 674 1859; x_wconf 86' lang='grc' dir='ltr'><strong><em>δραχμὰς</em></strong></span> <span class='ocrx_word' id='word_1_117' title='bbox 693 1773 742 1857; x_wconf 73' lang='grc' dir='ltr'><strong><em>τῷ</em></strong></span> <span class='ocrx_word' id='word_1_118' title='bbox 761 1767 890 1859; x_wconf 78' lang='grc' dir='ltr'><strong><em>ίδιαίτη,</em></strong></span> <span class='ocrx_word' id='word_1_119' title='bbox 913 1767 973 1838; x_wconf 79' lang='grc' dir='ltr'>δύο</span> <span class='ocrx_word' id='word_1_120' title='bbox 990 1765 1117 1849; x_wconf 82' lang='grc' dir='ltr'><strong><em>δδίλλας</em></strong></span> <span class='ocrx_word' id='word_1_121' title='bbox 1136 1764 1310 1838; x_wconf 74' lang='grc' dir='ltr'><em>ἀποτίνειν</em></span> <span class='ocrx_word' id='word_1_122' title='bbox 1330 1770 1378 1851; x_wconf 87' lang='grc' dir='ltr'>εἰς</span> <span class='ocrx_word' id='word_1_123' title='bbox 1392 1771 1429 1839; x_wconf 89' lang='grc' dir='ltr'><strong><em>τδ</em></strong></span> <span class='ocrx_word' id='word_1_124' title='bbox 1448 1777 1506 1863; x_wconf 92' lang='grc' dir='ltr'>δη-</span> 
     </span>
     <span class='ocr_line' id='line_1_15' title="bbox 218 1874 1505 1965; baseline -0.002 -19"><span class='ocrx_word' id='word_1_125' title='bbox 218 1876 341 1965; x_wconf 90' lang='grc' dir='ltr'><strong><em>μόσιον</em></strong></span> <span class='ocrx_word' id='word_1_126' title='bbox 360 1874 513 1963; x_wconf 55' lang='lat' dir='ltr'>etatae)</span> <span class='ocrx_word' id='word_1_127' title='bbox 536 1878 657 1943; x_wconf 91' lang='lat' dir='ltr'>Deinde</span> <span class='ocrx_word' id='word_1_128' title='bbox 680 1879 757 1942; x_wconf 90' lang='lat' dir='ltr'>haec</span> <span class='ocrx_word' id='word_1_129' title='bbox 781 1897 827 1960; x_wconf 87' lang='lat' dir='ltr'>ap.</span> <span class='ocrx_word' id='word_1_130' title='bbox 851 1879 943 1944; x_wconf 92' lang='lat' dir='ltr'>Isocr.</span> <span class='ocrx_word' id='word_1_131' title='bbox 961 1880 1028 1945; x_wconf 85' lang='lat' dir='ltr'>adv.</span> <span class='ocrx_word' id='word_1_132' title='bbox 1044 1879 1136 1943; x_wconf 89' lang='lat' dir='ltr'>Loch.</span> <span class='ocrx_word' id='word_1_133' title='bbox 1154 1881 1171 1960; x_wconf 62' lang='grc' dir='ltr'><strong>ἓ</strong></span> <span class='ocrx_word' id='word_1_134' title='bbox 1189 1882 1207 1942; x_wconf 90' lang='grc'>3</span> <span class='ocrx_word' id='word_1_135' title='bbox 1227 1879 1375 1960; x_wconf 82' lang='lat' dir='ltr'>leguntur</span> <span class='ocrx_word' id='word_1_136' title='bbox 1397 1882 1505 1945; x_wconf 87' lang='lat' dir='ltr'>verba:</span> 
     </span>
     <span class='ocr_line' id='line_1_16' title="bbox 220 1974 1506 2070; baseline 0 -22"><span class='ocrx_word' id='word_1_137' title='bbox 220 1980 304 2049; x_wconf 78' lang='grc' dir='ltr'><strong><em>ιῖίστε</em></strong></span> <span class='ocrx_word' id='word_1_138' title='bbox 325 1982 382 2049; x_wconf 86' lang='grc' dir='ltr'>καὶ</span> <span class='ocrx_word' id='word_1_139' title='bbox 404 1981 481 2070; x_wconf 88' lang='grc' dir='ltr'><strong><em>περί</em></strong></span> <span class='ocrx_word' id='word_1_140' title='bbox 502 1985 561 2070; x_wconf 79' lang='grc' dir='ltr'><strong><em>τῆς</em></strong></span> <span class='ocrx_word' id='word_1_141' title='bbox 585 1978 789 2070; x_wconf 82' lang='grc' dir='ltr'><strong><em>κακηγορίας</em></strong></span> <span class='ocrx_word' id='word_1_142' title='bbox 810 1977 911 2061; x_wconf 89' lang='grc' dir='ltr'><strong><em>νόμον</em></strong></span> <span class='ocrx_word' id='word_1_143' title='bbox 933 1977 1066 2062; x_wconf 77' lang='grc' dir='ltr'><strong><em>ἔθεσαν,</em></strong></span> <span class='ocrx_word' id='word_1_144' title='bbox 1090 1974 1129 2061; x_wconf 84' lang='grc' dir='ltr'>ὃς</span> <span class='ocrx_word' id='word_1_145' title='bbox 1143 1980 1273 2050; x_wconf 82' lang='grc' dir='ltr'><strong><em>κελεύει</em></strong></span> <span class='ocrx_word' id='word_1_146' title='bbox 1294 1982 1372 2061; x_wconf 88' lang='grc' dir='ltr'><strong><em>τοδς</em></strong></span> <span class='ocrx_word' id='word_1_147' title='bbox 1393 1983 1506 2064; x_wconf 86' lang='grc' dir='ltr'><strong><em>λέγον-</em></strong></span> 
     </span>
     <span class='ocr_line' id='line_1_17' title="bbox 219 2077 1505 2173; baseline 0.004 -22"><span class='ocrx_word' id='word_1_148' title='bbox 219 2081 279 2164; x_wconf 86' lang='grc' dir='ltr'><strong><em>τοίς</em></strong></span> <span class='ocrx_word' id='word_1_149' title='bbox 298 2111 329 2151; x_wconf 92' lang='grc' dir='ltr'><strong><em>τι</em></strong></span> <span class='ocrx_word' id='word_1_150' title='bbox 351 2088 417 2150; x_wconf 84' lang='grc' dir='ltr'><strong><em>τιῦν</em></strong></span> <span class='ocrx_word' id='word_1_151' title='bbox 435 2077 882 2173; x_wconf 75' lang='grc' dir='ltr'><strong><em>ἇπορρητωνπεντακοσίας</em></strong></span> <span class='ocrx_word' id='word_1_152' title='bbox 909 2081 1057 2173; x_wconf 86' lang='grc' dir='ltr'><strong><em>δραχμδς</em></strong></span> <span class='ocrx_word' id='word_1_153' title='bbox 1081 2079 1280 2173; x_wconf 60' lang='lat' dir='ltr'>&amp;polteo-²)</span> <span class='ocrx_word' id='word_1_154' title='bbox 1313 2092 1415 2156; x_wconf 82' lang='lat' dir='ltr'>Tertio</span> <span class='ocrx_word' id='word_1_155' title='bbox 1438 2092 1505 2156; x_wconf 85' lang='lat' dir='ltr'>loco</span> 
     </span>
     <span class='ocr_line' id='line_1_18' title="bbox 221 2195 1506 2281; baseline 0.002 -20"><span class='ocrx_word' id='word_1_156' title='bbox 221 2216 258 2261; x_wconf 86' lang='lat' dir='ltr'>ea</span> <span class='ocrx_word' id='word_1_157' title='bbox 277 2196 459 2279; x_wconf 91' lang='lat' dir='ltr'>respicenda</span> <span class='ocrx_word' id='word_1_158' title='bbox 480 2196 561 2271; x_wconf 90' lang='lat' dir='ltr'>sunt,</span> <span class='ocrx_word' id='word_1_159' title='bbox 587 2213 666 2278; x_wconf 91' lang='lat' dir='ltr'>quae</span> <span class='ocrx_word' id='word_1_160' title='bbox 687 2215 734 2277; x_wconf 91' lang='lat' dir='ltr'>ap.</span> <span class='ocrx_word' id='word_1_161' title='bbox 755 2195 844 2260; x_wconf 88' lang='lat' dir='ltr'>Dem.</span> <span class='ocrx_word' id='word_1_162' title='bbox 865 2195 896 2257; x_wconf 92' lang='lat' dir='ltr'>in</span> <span class='ocrx_word' id='word_1_163' title='bbox 919 2195 993 2260; x_wconf 89' lang='lat' dir='ltr'>Mid.</span> <span class='ocrx_word' id='word_1_164' title='bbox 1015 2197 1053 2278; x_wconf 57' lang='grc' dir='ltr'>ἐξ</span> <span class='ocrx_word' id='word_1_165' title='bbox 1070 2199 1112 2260; x_wconf 84' lang='grc'>32</span> <span class='ocrx_word' id='word_1_166' title='bbox 1134 2217 1178 2281; x_wconf 91' lang='lat' dir='ltr'>sq.</span> <span class='ocrx_word' id='word_1_167' title='bbox 1196 2199 1410 2262; x_wconf 89' lang='lat' dir='ltr'>inveniuntur:</span> <span class='ocrx_word' id='word_1_168' title='bbox 1436 2195 1506 2264; x_wconf 84' lang='grc' dir='ltr'><strong><em>ἴστε</em></strong></span> 
     </span>
     <span class='ocr_line' id='line_1_19' title="bbox 220 2291 1507 2390; baseline 0 -24"><span class='ocrx_word' id='word_1_169' title='bbox 220 2295 331 2388; x_wconf 78' lang='grc' dir='ltr'><strong><em>δήπου</em></strong></span> <span class='ocrx_word' id='word_1_170' title='bbox 357 2291 454 2365; x_wconf 83' lang='grc' dir='ltr'><strong><em>τοῦθ’</em></strong></span> <span class='ocrx_word' id='word_1_171' title='bbox 482 2294 536 2363; x_wconf 84' lang='grc' dir='ltr'><strong><em>ὅτι</em></strong></span> <span class='ocrx_word' id='word_1_172' title='bbox 561 2300 628 2362; x_wconf 82' lang='grc' dir='ltr'><strong><em>τῶν</em></strong></span> <span class='ocrx_word' id='word_1_173' title='bbox 654 2301 879 2382; x_wconf 77' lang='grc' dir='ltr'><strong><em>θεσμοθετῶν</em></strong></span> <span class='ocrx_word' id='word_1_174' title='bbox 908 2294 1035 2364; x_wconf 80' lang='grc' dir='ltr'><strong><em>τούτοιν</em></strong></span> <span class='ocrx_word' id='word_1_175' title='bbox 1061 2293 1172 2367; x_wconf 80' lang='grc' dir='ltr'><strong><em>οὐδενί</em></strong></span> <span class='ocrx_word' id='word_1_176' title='bbox 1199 2301 1416 2390; x_wconf 70' lang='grc' dir='ltr'>θεσμοθέτης</span> <span class='ocrx_word' id='word_1_177' title='bbox 1440 2294 1507 2368; x_wconf 76' lang='grc' dir='ltr'><strong><em>ἔστ’</em></strong></span> 
     </span>
     <span class='ocr_line' id='line_1_20' title="bbox 220 2394 1506 2492; baseline 0.002 -25"><span class='ocrx_word' id='word_1_178' title='bbox 220 2395 325 2487; x_wconf 72' lang='grc' dir='ltr'><strong><em>ὄνομα</em></strong></span> <span class='ocrx_word' id='word_1_179' title='bbox 338 2394 409 2467; x_wconf 74' lang='grc' dir='ltr'><strong><em>ἀλλ’</em></strong></span> <span class='ocrx_word' id='word_1_180' title='bbox 423 2396 605 2489; x_wconf 80' lang='grc' dir='ltr'><strong><em>ὁτιδήποτε</em></strong></span> <span class='ocrx_word' id='word_1_181' title='bbox 621 2395 766 2486; x_wconf 73' lang='grc' dir='ltr'><strong><em>ἑκάστην·</em></strong></span> <span class='ocrx_word' id='word_1_182' title='bbox 788 2394 903 2487; x_wconf 76' lang='grc' dir='ltr'><strong><em>ἂνμὲν</em></strong></span> <span class='ocrx_word' id='word_1_183' title='bbox 921 2399 1031 2467; x_wconf 84' lang='grc' dir='ltr'><em>τοίνυν</em></span> <span class='ocrx_word' id='word_1_184' title='bbox 1051 2398 1188 2492; x_wconf 79' lang='grc' dir='ltr'><em>ἰδιώτην</em></span> <span class='ocrx_word' id='word_1_185' title='bbox 1205 2395 1283 2469; x_wconf 81' lang='grc' dir='ltr'><strong><em>δ’ντα</em></strong></span> <span class='ocrx_word' id='word_1_186' title='bbox 1299 2402 1373 2470; x_wconf 80' lang='grc' dir='ltr'><strong><em>τινὰ</em></strong></span> <span class='ocrx_word' id='word_1_187' title='bbox 1398 2397 1506 2470; x_wconf 82' lang='grc' dir='ltr'><strong><em>αὖτιῦν</em></strong></span> 
     </span>
     <span class='ocr_line' id='line_1_21' title="bbox 217 2498 1506 2597; baseline 0 -26"><span class='ocrx_word' id='word_1_188' title='bbox 217 2501 338 2595; x_wconf 67' lang='grc' dir='ltr'><strong><em>ὑβρίσῃ</em></strong></span> <span class='ocrx_word' id='word_1_189' title='bbox 360 2529 412 2582; x_wconf 91' lang='grc' dir='ltr'><strong><em>τις</em></strong></span> <span class='ocrx_word' id='word_1_190' title='bbox 434 2498 455 2594; x_wconf 80' lang='grc' dir='ltr'>ἢ</span> <span class='ocrx_word' id='word_1_191' title='bbox 476 2506 586 2581; x_wconf 79' lang='grc' dir='ltr'><strong><em>κακῶς</em></strong></span> <span class='ocrx_word' id='word_1_192' title='bbox 603 2499 692 2590; x_wconf 44' lang='grc' dir='ltr'><strong><em>είπιη,</em></strong></span> <span class='ocrx_word' id='word_1_193' title='bbox 718 2501 849 2592; x_wconf 77' lang='grc' dir='ltr'><strong><em>μραφίην</em></strong></span> <span class='ocrx_word' id='word_1_194' title='bbox 864 2501 994 2592; x_wconf 74' lang='grc' dir='ltr'><strong><em>ὕβρεως</em></strong></span> <span class='ocrx_word' id='word_1_195' title='bbox 1008 2504 1065 2572; x_wconf 87' lang='grc' dir='ltr'>καί</span> <span class='ocrx_word' id='word_1_196' title='bbox 1088 2503 1182 2595; x_wconf 92' lang='grc' dir='ltr'><strong><em>δίκην</em></strong></span> <span class='ocrx_word' id='word_1_197' title='bbox 1196 2505 1399 2597; x_wconf 70' lang='grc' dir='ltr'><strong><em>κακηγορίας</em></strong></span> <span class='ocrx_word' id='word_1_198' title='bbox 1417 2504 1506 2573; x_wconf 83' lang='grc' dir='ltr'><strong><em>ἰδίαν</em></strong></span> 
     </span>
     <span class='ocr_line' id='line_1_22' title="bbox 219 2599 1505 2696; baseline 0 -23"><span class='ocrx_word' id='word_1_199' title='bbox 219 2602 387 2696; x_wconf 83' lang='grc' dir='ltr'><strong><em>φεύξεται,</em></strong></span> <span class='ocrx_word' id='word_1_200' title='bbox 411 2604 470 2673; x_wconf 76' lang='grc' dir='ltr'>ἐὰν</span> <span class='ocrx_word' id='word_1_201' title='bbox 486 2606 522 2673; x_wconf 85' lang='grc' dir='ltr'>δέ</span> <span class='ocrx_word' id='word_1_202' title='bbox 537 2603 762 2694; x_wconf 81' lang='grc' dir='ltr'><strong><em>θεσμοθέτην,</em></strong></span> <span class='ocrx_word' id='word_1_203' title='bbox 783 2599 903 2692; x_wconf 81' lang='grc' dir='ltr'><strong><em>ίίτιμος</em></strong></span> <span class='ocrx_word' id='word_1_204' title='bbox 917 2605 1011 2675; x_wconf 78' lang='grc' dir='ltr'><strong><em>ἔσται</em></strong></span> <span class='ocrx_word' id='word_1_205' title='bbox 1026 2604 1192 2687; x_wconf 80' lang='grc' dir='ltr'><strong><em>καθάπαξ</em></strong></span> <span class='ocrx_word' id='word_1_206' title='bbox 1201 2661 1208 2674; x_wconf 95' lang='grc'><strong>.</strong></span> <span class='ocrx_word' id='word_1_207' title='bbox 1219 2608 1276 2676; x_wconf 82' lang='grc' dir='ltr'>διὰ</span> <span class='ocrx_word' id='word_1_208' title='bbox 1290 2608 1323 2675; x_wconf 92' lang='grc' dir='ltr'><strong><em>τί</em></strong></span> <span class='ocrx_word' id='word_1_209' title='bbox 1328 2639 1337 2689; x_wconf 89' lang='grc'><em>;</em></span> <span class='ocrx_word' id='word_1_210' title='bbox 1356 2608 1407 2676; x_wconf 80' lang='grc' dir='ltr'><strong><em>ὅτι</em></strong></span> <span class='ocrx_word' id='word_1_211' title='bbox 1422 2609 1505 2687; x_wconf 86' lang='grc' dir='ltr'><strong><em>τοδς</em></strong></span> 
     </span>
     <span class='ocr_line' id='line_1_23' title="bbox 219 2703 1504 2801; baseline 0.002 -25"><span class='ocrx_word' id='word_1_212' title='bbox 219 2706 341 2795; x_wconf 82' lang='grc' dir='ltr'><strong><em>νόμους</em></strong></span> <span class='ocrx_word' id='word_1_213' title='bbox 368 2703 430 2798; x_wconf 76' lang='grc' dir='ltr'>ἤδη</span> <span class='ocrx_word' id='word_1_214' title='bbox 463 2704 480 2774; x_wconf 89' lang='grc' dir='ltr'>ὁ</span> <span class='ocrx_word' id='word_1_215' title='bbox 511 2711 610 2774; x_wconf 79' lang='grc' dir='ltr'><strong><em>τοῦτο</em></strong></span> <span class='ocrx_word' id='word_1_216' title='bbox 646 2712 756 2774; x_wconf 77' lang='grc' dir='ltr'><strong><em>ποιῶν</em></strong></span> <span class='ocrx_word' id='word_1_217' title='bbox 786 2710 1003 2800; x_wconf 82' lang='grc' dir='ltr'><strong><em>προςοβρίζει</em></strong></span> <span class='ocrx_word' id='word_1_218' title='bbox 1032 2711 1089 2778; x_wconf 88' lang='grc' dir='ltr'>καὶ</span> <span class='ocrx_word' id='word_1_219' title='bbox 1118 2709 1176 2776; x_wconf 84' lang='grc' dir='ltr'><strong><em>τὸν</em></strong></span> <span class='ocrx_word' id='word_1_220' title='bbox 1204 2707 1362 2801; x_wconf 78' lang='grc' dir='ltr'><strong><em>ὑμέτερον</em></strong></span> <span class='ocrx_word' id='word_1_221' title='bbox 1392 2711 1504 2780; x_wconf 90' lang='grc' dir='ltr'><strong><em>κοινδν</em></strong></span> 
     </span>
     <span class='ocr_line' id='line_1_24' title="bbox 218 2805 1504 2901; baseline 0.003 -22"><span class='ocrx_word' id='word_1_222' title='bbox 218 2813 382 2901; x_wconf 83' lang='grc' dir='ltr'><strong><em>στέφανον</em></strong></span> <span class='ocrx_word' id='word_1_223' title='bbox 407 2812 465 2879; x_wconf 88' lang='grc' dir='ltr'>καί</span> <span class='ocrx_word' id='word_1_224' title='bbox 488 2808 525 2877; x_wconf 90' lang='grc' dir='ltr'><strong><em>τδ</em></strong></span> <span class='ocrx_word' id='word_1_225' title='bbox 554 2815 613 2900; x_wconf 69' lang='grc' dir='ltr'><strong><em>τῆς</em></strong></span> <span class='ocrx_word' id='word_1_226' title='bbox 637 2805 772 2890; x_wconf 83' lang='grc' dir='ltr'><strong><em>πόλεως</em></strong></span> <span class='ocrx_word' id='word_1_227' title='bbox 802 2805 918 2896; x_wconf 82' lang='grc' dir='ltr'><strong><em>ίίνομα.</em></strong></span> <span class='ocrx_word' id='word_1_228' title='bbox 948 2861 981 2870; x_wconf 86' lang='grc'><strong>-</strong></span> <span class='ocrx_word' id='word_1_229' title='bbox 1006 2815 1063 2881; x_wconf 76' lang='grc' dir='ltr'>καί</span> <span class='ocrx_word' id='word_1_230' title='bbox 1083 2813 1187 2880; x_wconf 83' lang='grc' dir='ltr'><strong><em>πάλιν</em></strong></span> <span class='ocrx_word' id='word_1_231' title='bbox 1213 2840 1249 2898; x_wconf 75' lang='grc' dir='ltr'>με</span> <span class='ocrx_word' id='word_1_232' title='bbox 1272 2813 1330 2881; x_wconf 91' lang='grc' dir='ltr'><strong><em>τδν</em></strong></span> <span class='ocrx_word' id='word_1_233' title='bbox 1351 2809 1504 2900; x_wconf 82' lang='grc' dir='ltr'><strong><em>ίίρχοντα,</em></strong></span> 
     </span>
     <span class='ocr_line' id='line_1_25' title="bbox 216 2909 1502 3009; baseline 0.004 -28"><span class='ocrx_word' id='word_1_234' title='bbox 216 2909 316 2982; x_wconf 85' lang='grc' dir='ltr'><strong><em>ταδιδ</em></strong></span> <span class='ocrx_word' id='word_1_235' title='bbox 338 2919 447 2996; x_wconf 84' lang='grc' dir='ltr'><strong><em>τοῦτο,</em></strong></span> <span class='ocrx_word' id='word_1_236' title='bbox 484 2912 543 2981; x_wconf 80' lang='grc' dir='ltr'>ἐὰν</span> <span class='ocrx_word' id='word_1_237' title='bbox 575 2913 637 3000; x_wconf 85' lang='grc' dir='ltr'>μέν</span> <span class='ocrx_word' id='word_1_238' title='bbox 668 2911 940 3002; x_wconf 79' lang='grc' dir='ltr'><strong><em>ἐστεφανωμένον</em></strong></span> <span class='ocrx_word' id='word_1_239' title='bbox 971 2912 1105 3006; x_wconf 68' lang='grc' dir='ltr'><strong><em>πατάξῃ</em></strong></span> <span class='ocrx_word' id='word_1_240' title='bbox 1135 2942 1186 2995; x_wconf 91' lang='grc' dir='ltr'><strong><em>τις</em></strong></span> <span class='ocrx_word' id='word_1_241' title='bbox 1216 2911 1236 3008; x_wconf 72' lang='grc' dir='ltr'><strong><em>ἢ</em></strong></span> <span class='ocrx_word' id='word_1_242' title='bbox 1270 2923 1380 2997; x_wconf 78' lang='grc' dir='ltr'><strong><em>κακῶς</em></strong></span> <span class='ocrx_word' id='word_1_243' title='bbox 1412 2917 1502 3009; x_wconf 75' lang='grc' dir='ltr'><strong><em>είπη,</em></strong></span> 
     </span>
     <span class='ocr_line' id='line_1_26' title="bbox 218 3011 1504 3108; baseline 0.005 -23"><span class='ocrx_word' id='word_1_244' title='bbox 218 3011 347 3103; x_wconf 80' lang='grc' dir='ltr'><strong><em>δίτιμος,</em></strong></span> <span class='ocrx_word' id='word_1_245' title='bbox 371 3016 485 3086; x_wconf 78' lang='grc' dir='ltr'><strong><em>ἐὰνδὲ</em></strong></span> <span class='ocrx_word' id='word_1_246' title='bbox 506 3013 653 3108; x_wconf 80' lang='grc' dir='ltr'><strong><em>ἰδιώτην,</em></strong></span> <span class='ocrx_word' id='word_1_247' title='bbox 680 3015 751 3106; x_wconf 80' lang='grc' dir='ltr'><strong><em>ἰδίη</em></strong></span> <span class='ocrx_word' id='word_1_248' title='bbox 775 3013 940 3097; x_wconf 80' lang='grc' dir='ltr'><strong><em>ὑπόδικος</em></strong></span> <span class='ocrx_word' id='word_1_249' title='bbox 959 3045 987 3085; x_wconf 91' lang='grc' dir='ltr'>κ.</span> <span class='ocrx_word' id='word_1_250' title='bbox 1009 3045 1035 3085; x_wconf 92' lang='grc' dir='ltr'>τ.</span> <span class='ocrx_word' id='word_1_251' title='bbox 1057 3020 1113 3106; x_wconf 58' lang='grc' dir='ltr'>λδ)</span> <span class='ocrx_word' id='word_1_252' title='bbox 1148 3025 1207 3088; x_wconf 89' lang='lat' dir='ltr'>His</span> <span class='ocrx_word' id='word_1_253' title='bbox 1223 3025 1372 3108; x_wconf 74' lang='lat' dir='ltr'>legibus4)</span> <span class='ocrx_word' id='word_1_254' title='bbox 1390 3028 1504 3090; x_wconf 85' lang='lat' dir='ltr'>exami-</span> 
     </span>
     <span class='ocr_line' id='line_1_27' title="bbox 218 3129 1503 3218; baseline 0.005 -26"><span class='ocrx_word' id='word_1_255' title='bbox 218 3130 311 3212; x_wconf 91' lang='lat' dir='ltr'>natis,</span> <span class='ocrx_word' id='word_1_256' title='bbox 346 3131 488 3194; x_wconf 87' lang='lat' dir='ltr'>videmus</span> <span class='ocrx_word' id='word_1_257' title='bbox 520 3129 655 3212; x_wconf 91' lang='lat' dir='ltr'>primam</span> <span class='ocrx_word' id='word_1_258' title='bbox 679 3131 710 3193; x_wconf 93' lang='lat' dir='ltr'>et</span> <span class='ocrx_word' id='word_1_259' title='bbox 734 3129 864 3192; x_wconf 86' lang='lat' dir='ltr'>alteram</span> <span class='ocrx_word' id='word_1_260' title='bbox 897 3130 936 3193; x_wconf 90' lang='lat' dir='ltr'>ad</span> <span class='ocrx_word' id='word_1_261' title='bbox 959 3130 1191 3212; x_wconf 83' lang='lat' dir='ltr'>obiurgationes</span> <span class='ocrx_word' id='word_1_262' title='bbox 1219 3133 1339 3197; x_wconf 91' lang='lat' dir='ltr'>homini</span> <span class='ocrx_word' id='word_1_263' title='bbox 1370 3135 1503 3218; x_wconf 88' lang='lat' dir='ltr'>privato,</span> 
     </span>
     <span class='ocr_line' id='line_1_28' title="bbox 217 3236 1501 3321; baseline 0.003 -21"><span class='ocrx_word' id='word_1_264' title='bbox 217 3238 343 3300; x_wconf 89' lang='lat' dir='ltr'>tertiam</span> <span class='ocrx_word' id='word_1_265' title='bbox 372 3237 410 3300; x_wconf 86' lang='lat' dir='ltr'>ad</span> <span class='ocrx_word' id='word_1_266' title='bbox 433 3236 632 3318; x_wconf 83' lang='lat' dir='ltr'>magistratui</span> <span class='ocrx_word' id='word_1_267' title='bbox 664 3237 770 3300; x_wconf 87' lang='lat' dir='ltr'>illatas</span> <span class='ocrx_word' id='word_1_268' title='bbox 793 3236 956 3319; x_wconf 90' lang='lat' dir='ltr'>pertinere.</span> <span class='ocrx_word' id='word_1_269' title='bbox 1011 3237 1115 3302; x_wconf 93' lang='lat' dir='ltr'>Primo</span> <span class='ocrx_word' id='word_1_270' title='bbox 1149 3238 1233 3302; x_wconf 91' lang='lat' dir='ltr'>enim</span> <span class='ocrx_word' id='word_1_271' title='bbox 1260 3239 1325 3303; x_wconf 92' lang='lat' dir='ltr'>loco</span> <span class='ocrx_word' id='word_1_272' title='bbox 1348 3240 1501 3321; x_wconf 86' lang='lat' dir='ltr'>legimus:</span> 
     </span>
     <span class='ocr_line' id='line_1_29' title="bbox 220 3335 1502 3430; baseline 0.006 -26"><span class='ocrx_word' id='word_1_273' title='bbox 220 3339 324 3420; x_wconf 76' lang='grc' dir='ltr'><strong><em>ζιῦνια</em></strong></span> <span class='ocrx_word' id='word_1_274' title='bbox 346 3337 392 3418; x_wconf 82' lang='grc' dir='ltr'>δέ,</span> <span class='ocrx_word' id='word_1_275' title='bbox 418 3343 588 3424; x_wconf 84' lang='lat' dir='ltr'>quemlibet</span> <span class='ocrx_word' id='word_1_276' title='bbox 611 3343 715 3425; x_wconf 84' lang='lat' dir='ltr'>igitur,</span> <span class='ocrx_word' id='word_1_277' title='bbox 739 3341 850 3416; x_wconf 79' lang='grc' dir='ltr'><strong><em>κακῶς</em></strong></span> <span class='ocrx_word' id='word_1_278' title='bbox 873 3338 981 3425; x_wconf 79' lang='grc' dir='ltr'><strong><em>λέγειν</em></strong></span> <span class='ocrx_word' id='word_1_279' title='bbox 1000 3335 1143 3407; x_wconf 79' lang='grc' dir='ltr'><strong><em>ἐκώλυσε</em></strong></span> <span class='ocrx_word' id='word_1_280' title='bbox 1168 3345 1217 3430; x_wconf 83' lang='lat' dir='ltr'>(cf.</span> <span class='ocrx_word' id='word_1_281' title='bbox 1245 3347 1394 3410; x_wconf 89' lang='lat' dir='ltr'>etiamid</span> <span class='ocrx_word' id='word_1_282' title='bbox 1419 3349 1502 3428; x_wconf 92' lang='lat' dir='ltr'>quod</span> 
     </span>
     <span class='ocr_line' id='line_1_30' title="bbox 217 3443 1501 3536; baseline 0.005 -24"><span class='ocrx_word' id='word_1_283' title='bbox 217 3450 372 3530; x_wconf 89' lang='lat' dir='ltr'>sequitur:</span> <span class='ocrx_word' id='word_1_284' title='bbox 406 3448 454 3532; x_wconf 77' lang='lat' dir='ltr'>aqi</span> <span class='ocrx_word' id='word_1_285' title='bbox 475 3443 620 3534; x_wconf 83' lang='grc' dir='ltr'><strong><em>ίδίωτη);</em></strong></span> <span class='ocrx_word' id='word_1_286' title='bbox 655 3451 789 3514; x_wconf 89' lang='lat' dir='ltr'>alterum</span> <span class='ocrx_word' id='word_1_287' title='bbox 812 3451 918 3513; x_wconf 90' lang='lat' dir='ltr'>autem</span> <span class='ocrx_word' id='word_1_288' title='bbox 943 3451 981 3513; x_wconf 91' lang='lat' dir='ltr'>ad</span> <span class='ocrx_word' id='word_1_289' title='bbox 1006 3452 1142 3516; x_wconf 80' lang='lat' dir='ltr'>convicia</span> <span class='ocrx_word' id='word_1_290' title='bbox 1164 3454 1295 3536; x_wconf 87' lang='lat' dir='ltr'>privatis</span> <span class='ocrx_word' id='word_1_291' title='bbox 1319 3454 1401 3518; x_wconf 85' lang='lat' dir='ltr'>facta</span> <span class='ocrx_word' id='word_1_292' title='bbox 1424 3456 1501 3519; x_wconf 89' lang='lat' dir='ltr'>refe-</span> 
     </span>
     <span class='ocr_line' id='line_1_31' title="bbox 217 3556 1501 3643; baseline 0.005 -24"><span class='ocrx_word' id='word_1_293' title='bbox 217 3556 350 3620; x_wconf 90' lang='lat' dir='ltr'>rendum</span> <span class='ocrx_word' id='word_1_294' title='bbox 367 3575 445 3639; x_wconf 85' lang='lat' dir='ltr'>esse,</span> <span class='ocrx_word' id='word_1_295' title='bbox 468 3575 660 3640; x_wconf 89' lang='lat' dir='ltr'>quamquam</span> <span class='ocrx_word' id='word_1_296' title='bbox 675 3559 734 3622; x_wconf 91' lang='lat' dir='ltr'>hcc</span> <span class='ocrx_word' id='word_1_297' title='bbox 748 3577 811 3621; x_wconf 91' lang='lat' dir='ltr'>non</span> <span class='ocrx_word' id='word_1_298' title='bbox 828 3557 920 3621; x_wconf 89' lang='lat' dir='ltr'>certis</span> <span class='ocrx_word' id='word_1_299' title='bbox 935 3558 1037 3622; x_wconf 91' lang='lat' dir='ltr'>verbis</span> <span class='ocrx_word' id='word_1_300' title='bbox 1052 3562 1208 3643; x_wconf 90' lang='lat' dir='ltr'>monetur,</span> <span class='ocrx_word' id='word_1_301' title='bbox 1224 3561 1336 3624; x_wconf 90' lang='lat' dir='ltr'>docent</span> <span class='ocrx_word' id='word_1_302' title='bbox 1359 3564 1391 3625; x_wconf 92' lang='lat' dir='ltr'>et</span> <span class='ocrx_word' id='word_1_303' title='bbox 1406 3581 1501 3626; x_wconf 89' lang='lat' dir='ltr'>causa</span> 
     </span>
     <span class='ocr_line' id='line_1_32' title="bbox 216 3662 1500 3750; baseline 0.009 -26"><span class='ocrx_word' id='word_1_304' title='bbox 216 3662 301 3726; x_wconf 88' lang='lat' dir='ltr'>illius</span> <span class='ocrx_word' id='word_1_305' title='bbox 326 3664 393 3727; x_wconf 86' lang='lat' dir='ltr'>adv.</span> <span class='ocrx_word' id='word_1_306' title='bbox 409 3663 502 3728; x_wconf 87' lang='lat' dir='ltr'>Lech.</span> <span class='ocrx_word' id='word_1_307' title='bbox 527 3664 675 3728; x_wconf 86' lang='lat' dir='ltr'>orationis</span> <span class='ocrx_word' id='word_1_308' title='bbox 697 3665 872 3729; x_wconf 84' lang='lat' dir='ltr'>Isocrateae</span> <span class='ocrx_word' id='word_1_309' title='bbox 897 3667 928 3728; x_wconf 92' lang='lat' dir='ltr'>et</span> <span class='ocrx_word' id='word_1_310' title='bbox 950 3665 1009 3729; x_wconf 92' lang='lat' dir='ltr'>loci</span> <span class='ocrx_word' id='word_1_311' title='bbox 1029 3666 1185 3750; x_wconf 88' lang='lat' dir='ltr'>adscripti.</span> <span class='ocrx_word' id='word_1_312' title='bbox 1224 3668 1390 3733; x_wconf 87' lang='lat' dir='ltr'>Praeterea</span> <span class='ocrx_word' id='word_1_313' title='bbox 1411 3670 1500 3735; x_wconf 89' lang='lat' dir='ltr'>Dem.</span> 
     </span>
     <span class='ocr_line' id='line_1_33' title="bbox 216 3769 1501 3860; baseline 0.004 -26"><span class='ocrx_word' id='word_1_314' title='bbox 216 3769 372 3834; x_wconf 89' lang='lat' dir='ltr'>Midianae</span> <span class='ocrx_word' id='word_1_315' title='bbox 384 3771 449 3834; x_wconf 90' lang='lat' dir='ltr'>loco</span> <span class='ocrx_word' id='word_1_316' title='bbox 465 3773 485 3834; x_wconf 93' lang='lat' dir='ltr'>l.</span> <span class='ocrx_word' id='word_1_317' title='bbox 497 3771 630 3835; x_wconf 91' lang='lat' dir='ltr'>dilucide</span> <span class='ocrx_word' id='word_1_318' title='bbox 646 3774 801 3854; x_wconf 84' lang='lat' dir='ltr'>narratur,</span> <span class='ocrx_word' id='word_1_319' title='bbox 818 3771 984 3835; x_wconf 80' lang='lat' dir='ltr'>discrimen</span> <span class='ocrx_word' id='word_1_320' title='bbox 994 3773 1075 3836; x_wconf 90' lang='lat' dir='ltr'>inter</span> <span class='ocrx_word' id='word_1_321' title='bbox 1091 3775 1295 3839; x_wconf 79' lang='lat' dir='ltr'>contumelias</span> <span class='ocrx_word' id='word_1_322' title='bbox 1312 3776 1417 3854; x_wconf 85' lang='lat' dir='ltr'>fuisse,</span> <span class='ocrx_word' id='word_1_323' title='bbox 1434 3777 1501 3860; x_wconf 91' lang='lat' dir='ltr'>qui-</span> 
     </span>
     <span class='ocr_line' id='line_1_34' title="bbox 216 3867 1500 3966; baseline 0.006 -26"><span class='ocrx_word' id='word_1_324' title='bbox 216 3877 274 3940; x_wconf 86' lang='lat' dir='ltr'>bus</span> <span class='ocrx_word' id='word_1_325' title='bbox 292 3877 362 3960; x_wconf 90' lang='lat' dir='ltr'>quis</span> <span class='ocrx_word' id='word_1_326' title='bbox 384 3880 438 3941; x_wconf 89' lang='lat' dir='ltr'>aut</span> <span class='ocrx_word' id='word_1_327' title='bbox 457 3867 599 3962; x_wconf 75' lang='grc' dir='ltr'><strong><em>ἄρχοντα</em></strong></span> <span class='ocrx_word' id='word_1_328' title='bbox 623 3881 678 3942; x_wconf 89' lang='lat' dir='ltr'>aut</span> <span class='ocrx_word' id='word_1_329' title='bbox 695 3869 830 3964; x_wconf 81' lang='grc' dir='ltr'><strong><em>ἰδιώτην</em></strong></span> <span class='ocrx_word' id='word_1_330' title='bbox 845 3878 997 3944; x_wconf 89' lang='lat' dir='ltr'>laesisset.</span> <span class='ocrx_word' id='word_1_331' title='bbox 1042 3879 1103 3944; x_wconf 81' lang='lat' dir='ltr'>Sed</span> <span class='ocrx_word' id='word_1_332' title='bbox 1125 3882 1220 3945; x_wconf 86' lang='lat' dir='ltr'>etiam</span> <span class='ocrx_word' id='word_1_333' title='bbox 1236 3883 1274 3946; x_wconf 92' lang='lat' dir='ltr'>de</span> <span class='ocrx_word' id='word_1_334' title='bbox 1290 3884 1421 3966; x_wconf 88' lang='lat' dir='ltr'>privatis</span> <span class='ocrx_word' id='word_1_335' title='bbox 1438 3904 1500 3948; x_wconf 92' lang='lat' dir='ltr'>non</span> 
     </span>
     <span class='ocr_line' id='line_1_35' title="bbox 216 3983 1500 4072; baseline 0.009 -27"><span class='ocrx_word' id='word_1_336' title='bbox 216 3983 407 4047; x_wconf 88' lang='lat' dir='ltr'>lacessendis</span> <span class='ocrx_word' id='word_1_337' title='bbox 424 3985 546 4048; x_wconf 87' lang='lat' dir='ltr'>diversa</span> <span class='ocrx_word' id='word_1_338' title='bbox 567 3986 695 4050; x_wconf 88' lang='lat' dir='ltr'>delinita</span> <span class='ocrx_word' id='word_1_339' title='bbox 718 4005 786 4050; x_wconf 92' lang='lat' dir='ltr'>esse</span> <span class='ocrx_word' id='word_1_340' title='bbox 810 4005 846 4050; x_wconf 88' lang='lat' dir='ltr'>ex</span> <span class='ocrx_word' id='word_1_341' title='bbox 861 3987 924 4050; x_wconf 93' lang='lat' dir='ltr'>illis</span> <span class='ocrx_word' id='word_1_342' title='bbox 948 3988 1068 4051; x_wconf 87' lang='lat' dir='ltr'>duabus</span> <span class='ocrx_word' id='word_1_343' title='bbox 1091 3987 1212 4070; x_wconf 80' lang='lat' dir='ltr'>legibus</span> <span class='ocrx_word' id='word_1_344' title='bbox 1232 3989 1332 4072; x_wconf 90' lang='lat' dir='ltr'>primo</span> <span class='ocrx_word' id='word_1_345' title='bbox 1354 3992 1386 4054; x_wconf 92' lang='lat' dir='ltr'>et</span> <span class='ocrx_word' id='word_1_346' title='bbox 1405 3991 1500 4056; x_wconf 87' lang='lat' dir='ltr'>altero</span> 
     </span>
    </p>
   </div>
   <div class='ocr_carea' id='block_1_5' title="bbox 215 4214 1501 4862">
    <p class='ocr_par' dir='ltr' id='par_1_5' title="bbox 307 4214 1464 4288">
     <span class='ocr_line' id='line_1_36' title="bbox 307 4214 1464 4288; baseline 0.007 -21"><span class='ocrx_word' id='word_1_347' title='bbox 307 4214 326 4284; x_wconf 77' lang='lat'>¹)</span> <span class='ocrx_word' id='word_1_348' title='bbox 346 4214 378 4268; x_wconf 91' lang='lat' dir='ltr'>cf.</span> <span class='ocrx_word' id='word_1_349' title='bbox 398 4215 466 4270; x_wconf 87' lang='lat' dir='ltr'>Plat.</span> <span class='ocrx_word' id='word_1_350' title='bbox 486 4215 536 4283; x_wconf 82' lang='lat' dir='ltr'>leg.</span> <span class='ocrx_word' id='word_1_351' title='bbox 555 4214 602 4270; x_wconf 90' lang='lat' dir='ltr'>XI.</span> <span class='ocrx_word' id='word_1_352' title='bbox 623 4216 664 4282; x_wconf 87' lang='lat'>13,</span> <span class='ocrx_word' id='word_1_353' title='bbox 683 4234 708 4285; x_wconf 88' lang='lat' dir='ltr'>p.</span> <span class='ocrx_word' id='word_1_354' title='bbox 729 4220 780 4271; x_wconf 86' lang='grc'>934</span> <span class='ocrx_word' id='word_1_355' title='bbox 800 4216 829 4271; x_wconf 86' lang='grc' dir='ltr'>Ε.</span> <span class='ocrx_word' id='word_1_356' title='bbox 849 4219 876 4270; x_wconf 93' lang='lat' dir='ltr'>et</span> <span class='ocrx_word' id='word_1_357' title='bbox 894 4217 995 4271; x_wconf 86' lang='lat' dir='ltr'>Zaleuc.</span> <span class='ocrx_word' id='word_1_358' title='bbox 1015 4235 1056 4287; x_wconf 85' lang='lat' dir='ltr'>ap.</span> <span class='ocrx_word' id='word_1_359' title='bbox 1076 4218 1147 4274; x_wconf 83' lang='lat' dir='ltr'>Stob.</span> <span class='ocrx_word' id='word_1_360' title='bbox 1167 4218 1308 4288; x_wconf 88' lang='lat' dir='ltr'>Antholog.</span> <span class='ocrx_word' id='word_1_361' title='bbox 1327 4221 1419 4276; x_wconf 89' lang='lat' dir='ltr'>XLIV.</span> <span class='ocrx_word' id='word_1_362' title='bbox 1440 4225 1464 4277; x_wconf 81' lang='lat'>2.</span> 
     </span>
    </p>

    <p class='ocr_par' dir='ltr' id='par_1_6' title="bbox 215 4296 1501 4564">
     <span class='ocr_line' id='line_1_37' title="bbox 305 4296 1501 4398; baseline 0.008 -33"><span class='ocrx_word' id='word_1_363' title='bbox 305 4315 327 4378; x_wconf 64' lang='grc' dir='ltr'>Ξ)</span> <span class='ocrx_word' id='word_1_364' title='bbox 345 4312 377 4367; x_wconf 88' lang='lat' dir='ltr'>cf.</span> <span class='ocrx_word' id='word_1_365' title='bbox 396 4313 468 4382; x_wconf 82' lang='lat' dir='ltr'>Lys.</span> <span class='ocrx_word' id='word_1_366' title='bbox 486 4313 519 4366; x_wconf 88' lang='lat' dir='ltr'>X.</span> <span class='ocrx_word' id='word_1_367' title='bbox 541 4315 587 4366; x_wconf 84' lang='lat'>12:</span> <span class='ocrx_word' id='word_1_368' title='bbox 611 4297 669 4367; x_wconf 83' lang='grc' dir='ltr'><strong><em>εἰίν</em></strong></span> <span class='ocrx_word' id='word_1_369' title='bbox 694 4327 746 4380; x_wconf 89' lang='grc' dir='ltr'><strong><em>τις</em></strong></span> <span class='ocrx_word' id='word_1_370' title='bbox 768 4299 849 4392; x_wconf 76' lang='grc' dir='ltr'><strong><em>είιτη</em></strong></span> <span class='ocrx_word' id='word_1_371' title='bbox 871 4296 1141 4394; x_wconf 70' lang='grc' dir='ltr'><strong><em>ἀποβεβληκέναι</em></strong></span> <span class='ocrx_word' id='word_1_372' title='bbox 1157 4304 1215 4396; x_wconf 81' lang='grc' dir='ltr'><strong><em>την</em></strong></span> <span class='ocrx_word' id='word_1_373' title='bbox 1232 4300 1359 4374; x_wconf 78' lang='grc' dir='ltr'><strong><em>ἀσπίδα</em></strong></span> <span class='ocrx_word' id='word_1_374' title='bbox 1377 4302 1501 4398; x_wconf 72' lang='grc' dir='ltr'><strong><em>(ἀπόζ-</em></strong></span> 
     </span>
     <span class='ocr_line' id='line_1_38' title="bbox 216 4400 1498 4496; baseline 0.005 -30"><span class='ocrx_word' id='word_1_375' title='bbox 216 4402 316 4493; x_wconf 82' lang='grc' dir='ltr'><strong><em>ῥητον</em></strong></span> <span class='ocrx_word' id='word_1_376' title='bbox 329 4415 412 4483; x_wconf 79' lang='lat' dir='ltr'>igitur</span> <span class='ocrx_word' id='word_1_377' title='bbox 425 4416 448 4468; x_wconf 88' lang='lat' dir='ltr'>si</span> <span class='ocrx_word' id='word_1_378' title='bbox 461 4416 520 4485; x_wconf 90' lang='lat' dir='ltr'>quis</span> <span class='ocrx_word' id='word_1_379' title='bbox 534 4416 647 4484; x_wconf 77' lang='lat' dir='ltr'>dixerit),</span> <span class='ocrx_word' id='word_1_380' title='bbox 663 4402 886 4484; x_wconf 77' lang='grc' dir='ltr'><strong><em>πεντακοσίας</em></strong></span> <span class='ocrx_word' id='word_1_381' title='bbox 897 4406 1046 4496; x_wconf 82' lang='grc' dir='ltr'><strong><em>δραχμὰς</em></strong></span> <span class='ocrx_word' id='word_1_382' title='bbox 1057 4400 1208 4495; x_wconf 81' lang='grc' dir='ltr'><strong><em>ὀφείλειν</em></strong></span> <span class='ocrx_word' id='word_1_383' title='bbox 1220 4405 1348 4496; x_wconf 85' lang='grc' dir='ltr'><strong><em>(νόμος)</em></strong></span> <span class='ocrx_word' id='word_1_384' title='bbox 1358 4406 1498 4478; x_wconf 83' lang='grc' dir='ltr'><strong><em>κελεύει.</em></strong></span> 
     </span>
     <span class='ocr_line' id='line_1_39' title="bbox 215 4507 601 4564; baseline 0.008 -5"><span class='ocrx_word' id='word_1_385' title='bbox 215 4507 289 4562; x_wconf 86' lang='lat' dir='ltr'>Dcm.</span> <span class='ocrx_word' id='word_1_386' title='bbox 310 4525 331 4560; x_wconf 92' lang='lat' dir='ltr'>c.</span> <span class='ocrx_word' id='word_1_387' title='bbox 350 4507 414 4561; x_wconf 85' lang='lat' dir='ltr'>Mid.</span> <span class='ocrx_word' id='word_1_388' title='bbox 434 4512 476 4562; x_wconf 85' lang='lat'>32.</span> <span class='ocrx_word' id='word_1_389' title='bbox 496 4514 539 4563; x_wconf 89' lang='lat'>81.</span> <span class='ocrx_word' id='word_1_390' title='bbox 559 4513 601 4564; x_wconf 88' lang='lat'>90.</span> 
     </span>
    </p>

    <p class='ocr_par' dir='ltr' id='par_1_7' title="bbox 306 4591 1133 4672">
     <span class='ocr_line' id='line_1_40' title="bbox 306 4591 1133 4672; baseline 0.008 -23"><span class='ocrx_word' id='word_1_391' title='bbox 306 4596 326 4666; x_wconf 85' lang='lat'>³)</span> <span class='ocrx_word' id='word_1_392' title='bbox 345 4595 378 4651; x_wconf 89' lang='lat' dir='ltr'>cf.</span> <span class='ocrx_word' id='word_1_393' title='bbox 398 4596 507 4653; x_wconf 84' lang='lat' dir='ltr'>Aristot.</span> <span class='ocrx_word' id='word_1_394' title='bbox 526 4599 613 4654; x_wconf 92' lang='lat' dir='ltr'>Probl.</span> <span class='ocrx_word' id='word_1_395' title='bbox 633 4603 675 4667; x_wconf 75' lang='lat'>29,</span> <span class='ocrx_word' id='word_1_396' title='bbox 696 4602 737 4654; x_wconf 85' lang='grc'>14.</span> <span class='ocrx_word' id='word_1_397' title='bbox 756 4619 781 4670; x_wconf 91' lang='lat' dir='ltr'>p.</span> <span class='ocrx_word' id='word_1_398' title='bbox 802 4606 853 4656; x_wconf 79' lang='lat'>952</span> <span class='ocrx_word' id='word_1_399' title='bbox 872 4603 897 4656; x_wconf 92' lang='lat' dir='ltr'>b.</span> <span class='ocrx_word' id='word_1_400' title='bbox 919 4606 952 4657; x_wconf 77' lang='lat'>28</span> <span class='ocrx_word' id='word_1_401' title='bbox 972 4619 1027 4672; x_wconf 88' lang='lat' dir='ltr'>sqq.</span> <span class='ocrx_word' id='word_1_402' title='bbox 1131 4591 1133 4594; x_wconf 34' lang='lat'>¹</span> 
     </span>
    </p>

    <p class='ocr_par' dir='ltr' id='par_1_8' title="bbox 217 4687 1501 4862">
     <span class='ocr_line' id='line_1_41' title="bbox 306 4687 1501 4762; baseline 0.009 -24"><span class='ocrx_word' id='word_1_403' title='bbox 306 4689 328 4755; x_wconf 65' lang='lat'>⁴)</span> <span class='ocrx_word' id='word_1_404' title='bbox 347 4689 441 4756; x_wconf 87' lang='lat' dir='ltr'>quarta</span> <span class='ocrx_word' id='word_1_405' title='bbox 459 4687 507 4755; x_wconf 87' lang='lat' dir='ltr'>lex,</span> <span class='ocrx_word' id='word_1_406' title='bbox 527 4705 558 4741; x_wconf 82' lang='lat' dir='ltr'>ex</span> <span class='ocrx_word' id='word_1_407' title='bbox 576 4706 628 4758; x_wconf 86' lang='lat' dir='ltr'>qua</span> <span class='ocrx_word' id='word_1_408' title='bbox 646 4690 678 4756; x_wconf 87' lang='lat' dir='ltr'>ci,</span> <span class='ocrx_word' id='word_1_409' title='bbox 698 4690 743 4759; x_wconf 89' lang='lat' dir='ltr'>qui</span> <span class='ocrx_word' id='word_1_410' title='bbox 763 4694 895 4744; x_wconf 88' lang='lat' dir='ltr'>mortuum</span> <span class='ocrx_word' id='word_1_411' title='bbox 914 4691 1061 4746; x_wconf 87' lang='lat' dir='ltr'>maledictis</span> <span class='ocrx_word' id='word_1_412' title='bbox 1079 4693 1210 4762; x_wconf 90' lang='lat' dir='ltr'>prosecuti</span> <span class='ocrx_word' id='word_1_413' title='bbox 1228 4697 1310 4762; x_wconf 87' lang='lat' dir='ltr'>erant,</span> <span class='ocrx_word' id='word_1_414' title='bbox 1330 4697 1401 4749; x_wconf 84' lang='lat' dir='ltr'>certa</span> <span class='ocrx_word' id='word_1_415' title='bbox 1416 4696 1501 4749; x_wconf 87' lang='lat' dir='ltr'>multa</span> 
     </span>
     <span class='ocr_line' id='line_1_42' title="bbox 217 4775 1498 4862; baseline 0.009 -30"><span class='ocrx_word' id='word_1_416' title='bbox 217 4776 275 4857; x_wconf 75' lang='lat' dir='ltr'>(M</span> <span class='ocrx_word' id='word_1_417' title='bbox 291 4775 459 4862; x_wconf 79' lang='grc' dir='ltr'><strong><em>δραχμῶν)</em></strong></span> <span class='ocrx_word' id='word_1_418' title='bbox 481 4781 662 4836; x_wconf 84' lang='lat' dir='ltr'>afficiebantur</span> <span class='ocrx_word' id='word_1_419' title='bbox 690 4782 732 4852; x_wconf 89' lang='lat' dir='ltr'>(cf.</span> <span class='ocrx_word' id='word_1_420' title='bbox 757 4783 827 4838; x_wconf 88' lang='lat' dir='ltr'>Plut.</span> <span class='ocrx_word' id='word_1_421' title='bbox 854 4784 905 4838; x_wconf 84' lang='lat' dir='ltr'>Sol.</span> <span class='ocrx_word' id='word_1_422' title='bbox 931 4785 962 4840; x_wconf 86' lang='lat' dir='ltr'>V.</span> <span class='ocrx_word' id='word_1_423' title='bbox 988 4802 1010 4839; x_wconf 90' lang='lat' dir='ltr'>c.</span> <span class='ocrx_word' id='word_1_424' title='bbox 1037 4787 1083 4852; x_wconf 71' lang='lat'>213</span> <span class='ocrx_word' id='word_1_425' title='bbox 1108 4786 1182 4840; x_wconf 90' lang='lat' dir='ltr'>Dcm.</span> <span class='ocrx_word' id='word_1_426' title='bbox 1207 4803 1229 4840; x_wconf 90' lang='lat' dir='ltr'>o.</span> <span class='ocrx_word' id='word_1_427' title='bbox 1255 4788 1328 4857; x_wconf 92' lang='lat' dir='ltr'>Lept.</span> <span class='ocrx_word' id='word_1_428' title='bbox 1357 4792 1415 4854; x_wconf 88' lang='grc'>104,</span> <span class='ocrx_word' id='word_1_429' title='bbox 1441 4789 1498 4843; x_wconf 84' lang='lat' dir='ltr'>adv.</span> 
     </span>
    </p>
   </div>
   <div class='ocr_carea' id='block_1_6' title="bbox 214 4863 1500 5028">
    <p class='ocr_par' dir='ltr' id='par_1_9' title="bbox 214 4863 1500 5028">
     <span class='ocr_line' id='line_1_43' title="bbox 214 4863 1500 4961; baseline 0.007 -30"><span class='ocrx_word' id='word_1_430' title='bbox 214 4879 303 4932; x_wconf 85' lang='lat' dir='ltr'>Boeot.</span> <span class='ocrx_word' id='word_1_431' title='bbox 323 4879 355 4932; x_wconf 89' lang='lat' dir='ltr'>dc</span> <span class='ocrx_word' id='word_1_432' title='bbox 373 4879 433 4932; x_wconf 89' lang='lat' dir='ltr'>doto</span> <span class='ocrx_word' id='word_1_433' title='bbox 451 4884 497 4946; x_wconf 87' lang='grc'>49;</span> <span class='ocrx_word' id='word_1_434' title='bbox 518 4879 589 4933; x_wconf 79' lang='lat' dir='ltr'>Suirl.</span> <span class='ocrx_word' id='word_1_435' title='bbox 610 4897 630 4934; x_wconf 90' lang='lat' dir='ltr'>s.</span> <span class='ocrx_word' id='word_1_436' title='bbox 651 4899 673 4936; x_wconf 90' lang='lat' dir='ltr'>v.</span> <span class='ocrx_word' id='word_1_437' title='bbox 693 4863 912 4955; x_wconf 79' lang='grc' dir='ltr'><strong><em>δποιχόμενα,</em></strong></span> <span class='ocrx_word' id='word_1_438' title='bbox 935 4875 1035 4941; x_wconf 79' lang='grc' dir='ltr'><strong><em>παῦε,</em></strong></span> <span class='ocrx_word' id='word_1_439' title='bbox 1059 4866 1214 4961; x_wconf 66' lang='grc' dir='ltr'><strong><em>ἔνδειξις)</em></strong></span> <span class='ocrx_word' id='word_1_440' title='bbox 1231 4886 1264 4939; x_wconf 87' lang='lat' dir='ltr'>ad</span> <span class='ocrx_word' id='word_1_441' title='bbox 1286 4889 1402 4940; x_wconf 87' lang='lat' dir='ltr'>nostram</span> <span class='ocrx_word' id='word_1_442' title='bbox 1423 4904 1500 4956; x_wconf 84' lang='lat' dir='ltr'>quac·</span> 
     </span>
     <span class='ocr_line' id='line_1_44' title="bbox 215 4971 652 5028; baseline 0.009 -5"><span class='ocrx_word' id='word_1_443' title='bbox 215 4971 326 5024; x_wconf 77' lang='lat' dir='ltr'>ctionem</span> <span class='ocrx_word' id='word_1_444' title='bbox 344 4972 443 5026; x_wconf 89' lang='lat' dir='ltr'>nullius</span> <span class='ocrx_word' id='word_1_445' title='bbox 462 4975 502 5025; x_wconf 90' lang='lat' dir='ltr'>est</span> <span class='ocrx_word' id='word_1_446' title='bbox 520 4974 652 5028; x_wconf 87' lang='lat' dir='ltr'>momenti.</span> 
     </span>
    </p>
   </div>
   <div class='ocr_carea' id='block_1_7' title="bbox 0 0 1670 5542">
    <p class='ocr_par' dir='ltr' id='par_1_10' title="bbox 0 0 1670 5542">
     <span class='ocr_line' id='line_1_45' title="bbox 0 0 1670 5542; baseline 0 2"><span class='ocrx_word' id='word_1_447' title='bbox 0 0 1670 5542; x_wconf 95' lang='lat' dir='ltr'> </span> 
     </span>
    </p>
   </div>
  </div>
 </body>
</html>
