3330 5542
725 271 937 333 ..41-

279 463 458 544 Quintam
473 465 642 548 Dionysius
657 465 708 529 his
725 466 812 530 effert
828 465 865 550 (e.
884 463 932 547 6):
949 459 1032 545 μετὰ
1054 455 1179 537 ταύτας
1194 453 1315 547 ἀρετὴν
1331 455 1473 546 εὑρίσκω

189 566 284 656 παρὰ
305 566 423 655 Λυσίᾳ
444 564 532 634 πάνυ
562 565 761 658 θαυμαστήν
791 590 844 623 -·
873 566 923 647 τίς
944 563 1066 634 δ’έσνιν
1092 564 1131 656 ἥν
1162 590 1250 656 φημι
1282 561 1421 655 docebo,-
1453 563 1473 656 ἦ

187 673 419 763 συστρέφουσα
440 673 482 741 τὰ
503 670 653 764 νοήματα
674 675 730 740 καὶ
753 670 963 763 σιρογγύλως
984 673 1175 762 ἐκφέρουσα
1200 673 1298 752 λέξις.
1340 676 1474 753 Quibus·

190 807 261 852 curn
283 805 423 871 pugnare
447 786 578 863 videtur,
602 787 685 870 quod
707 787 757 850 his
781 805 804 850 c.
831 788 850 850 8
873 785 991 850 verbis:
1015 781 1072 848 καὶ
1093 779 1270 870 συντίθησι
1292 778 1352 868 τὴν
1375 780 1472 859 λέξιν,

162 950 165 954 Α
190 886 308 968 dai-oie
334 884 423 956 πάνυ
449 888 506 956 καὶ
536 883 683 977 ἀφελῶς,
715 885 804 977 ὁρῶν
832 885 885 955 ὅτι
916 882 975 954 οὐκ
1003 889 1037 953 έν
1065 891 1106 976 τῇ
1136 884 1287 974 περιόδῳ
1317 887 1374 952 καὶ
1404 895 1474 965 τοῖς

190 998 344 1087 ῥυθμοῖς,
367 989 439 1062 ἀλλ’
462 995 496 1062 έν
518 999 561 1084 τῇ
581 995 803 1083 διαλελυμένῃ
824 994 912 1072 λέξει
936 992 1059 1080 γίνεται
1081 992 1119 1058 τὸ
1142 985 1231 1083 ἦθος
1245 998 1356 1080 Lysias
1375 1000 1474 1081 perio-

189 1108 253 1184 don,
276 1126 355 1189 quae
379 1107 471 1171 certis
495 1107 634 1171 numeris
651 1107 771 1172 effictae
795 1108 908 1183 essent,
932 1126 994 1170 non
1015 1106 1194 1169 adhibuisse
1217 1106 1371 1170 laudatur.
1412 1106 1472 1170 Sed

190 1215 285 1279 altero
308 1215 455 1280 hocloco
478 1234 540 1278 non
563 1215 657 1278 nimis
682 1215 771 1278 anxie
795 1216 939 1298 percepto
948 1213 971 1297 ¹)
996 1213 1127 1295 aliisque
1152 1214 1293 1276 veterum
1317 1212 1472 1296 iudiciisl)

190 1324 222 1386 et
244 1323 288 1386 eis
314 1322 514 1398 orationibus,
548 1321 585 1386 de
610 1341 743 1402 quarum
766 1322 825 1385 fide
849 1342 911 1386 non
935 1321 1104 1396 dubitatur,
1136 1320 1257 1383 collatis
1280 1321 1388 1402 negari
1412 1341 1473 1384 non

188 1431 292 1512 potest
316 1428 450 1512 Lysiam,
484 1430 543 1493 etsi
567 1430 766 1512 simplicitate
792 1430 928 1512 quadarn
956 1430 988 1492 et
1009 1428 1217 1510 temperantia
1241 1428 1336 1491 etiam
1359 1429 1418 1492 hae
1440 1430 1472 1491 in

188 1556 223 1600 re
247 1555 323 1600 usus
348 1539 404 1614 est,
429 1537 601 1601 sententias
626 1539 732 1600 tamen
757 1537 983 1619 quodammodo
1007 1537 1039 1598 in
1056 1535 1275 1618 compendium
1298 1538 1473 1599 contractas

189 1644 321 1707 rotunde
346 1644 502 1708 elocutum
526 1663 594 1708 esse
618 1643 710 1724 idque
744 1644 943 1725 probabiliter
975 1644 1027 1720 ita,
1060 1644 1097 1705 ut
1128 1643 1161 1704 in
1196 1642 1299 1705 causis
1331 1642 1473 1725 publicis,

191 1769 270 1832 quae
294 1751 436 1831 graviora
459 1751 620 1815 continent
651 1750 760 1814 multis
789 1751 982 1815 auditoribus
1015 1749 1204 1831 explicanda,
1237 1749 1363 1813 maioris
1397 1750 1473 1813 artis

189 1857 307 1939 periodi
339 1857 403 1922 sint
426 1878 521 1940 quarn
545 1860 577 1922 in
600 1858 739 1943 privatio,
774 1859 886 1938 quibus
910 1858 1064 1922 iudicibus
1089 1856 1271 1938 simpliciter
1297 1876 1347 1920 res
1371 1859 1402 1921 et
1426 1877 1474 1920 ar-

190 1967 340 2046 gumenta
372 1964 609 2049 exponendae)
655 1966 693 2028 In
725 1966 775 2029 his
807 1966 904 2046 igitur
937 1966 1101 2029 enuntiata
1132 1984 1194 2028 non
1228 1966 1295 2027 tam
1328 1966 1473 2029 continuo

191 2090 286 2154 quam
309 2071 354 2134 ita
387 2074 506 2136 structa
528 2074 739 2149 inveniuntur,
772 2075 809 2135 ut
839 2074 889 2136 rel
912 2072 1101 2156 praecedant
1135 2072 1185 2135 vel
1209 2075 1382 2155 sequantur
1406 2092 1475 2135 sen-

189 2177 306 2242 tentiae
330 2178 444 2243 laxiore
469 2181 634 2244 structura.
682 2179 742 2243 Sed
767 2182 905 2243 certain
939 2180 983 2242 eis
1018 2199 1139 2262 quoque
1173 2179 1290 2262 periodi
1323 2177 1473 2261 insonae)

190 2283 294 2363 Quare
319 2286 400 2370 quod
426 2289 619 2369 prooemium
650 2307 751 2351 nonae
781 2287 929 2351 orationis
954 2288 1082 2351 artifieio
1107 2286 1242 2367 quodam
1265 2288 1313 2349 est
1337 2286 1474 2350 elabora-

191 2393 269 2470 tum,
293 2393 409 2456 mirum
431 2413 494 2456 non
519 2397 574 2472 est,
597 2395 781 2478 praesertim
814 2415 886 2458 cum
910 2394 1033 2458 exordia
1060 2395 1244 2477 plerumque
1279 2393 1473 2474 diligentiore

191 2519 265 2563 cura
289 2501 460 2584 composita
492 2520 559 2565 esse
593 2521 664 2565 curn
697 2503 736 2565 ab
770 2501 838 2565 aliis
871 2502 1045 2565 oratoribus
1078 2504 1146 2564 turn
1176 2500 1311 2582 aLysia
1344 2502 1433 2564 const
1451 2503 1472 2565 t.

191 2607 299 2688 Neque
335 2608 416 2692 quod
450 2608 560 2672 deinde
594 2611 706 2691 orator,
738 2610 770 2671 in
802 2609 980 2673 narratione
1005 2611 1036 2672 et
1060 2609 1340 2690 argumentationis
1373 2609 1473 2691 priore

190 2716 278 2796 parte
303 2716 465 2779 sententiis
489 2717 666 2797 neglegenti
689 2736 771 2780 nexu
796 2716 907 2792 allatis,
940 2717 972 2779 in
1005 2717 1173 2799 posteriore
1202 2716 1268 2778 eius
1291 2717 1387 2798 parte,
1421 2716 1475 2778 ad-

189 2823 396 2886 versariorum
411 2823 611 2886 insolentiam
626 2824 849 2899 illustraturus,
868 2824 906 2886 ad
923 2825 1112 2886 ornatiorem
1129 2822 1254 2885 effertur
1270 2823 1473 2886 elocutionem

191 2928 358 3012 (imprimis
390 2931 462 2994 inde
497 2951 515 2994 a
548 2933 567 3013 ξ
594 2930 657 3013 15),
691 2930 891 2994 offensionem
924 2931 1092 3011 praeberet,
1127 2930 1189 2992 nisi
1222 2929 1309 2992 nimii
1345 2929 1472 2992 affectus

192 3035 336 3099 movendi
360 3055 455 3100 eausa
478 3038 521 3100 ibi
544 3038 698 3118 longiores
721 3038 839 3120 periodi
863 3039 968 3101 essent
983 3038 1176 3118 usurpatae,
1193 3035 1281 3111 Quod
1305 3057 1359 3100 our
1383 3056 1473 3118 aegre

190 3140 337 3219 teramus,
369 3143 452 3205 infra
474 3144 657 3208 videbimus.
696 3145 931 3208 Artificiosiores
965 3147 1080 3220 autem,
1114 3141 1209 3227 quarn
1233 3146 1269 3206 ut
1291 3145 1378 3207 tenui
1403 3163 1474 3207 oon-

191 3249 318 3312 veniant
341 3249 462 3313 dicendi
486 3253 601 3332 generi,
633 3272 697 3314 non
720 3252 865 3315 videntur
897 3250 1006 3333 essai)
1052 3252 1152 3314 Multo
1185 3254 1286 3332 magis
1319 3271 1407 3334 porro
1440 3251 1472 3313 in

192 3374 226 3420 eo
250 3357 425 3434 haeremus,
450 3359 532 3439 quod
556 3378 627 3422 cum
651 3360 683 3421 in
707 3359 885 3423 narratione
909 3360 978 3421 turn
1001 3359 1033 3421 in
1058 3358 1177 3441 epilogo
1200 3358 1275 3423 adeo
1300 3360 1473 3421 structurae

190 3465 340 3527 venustas
363 3464 506 3546 neglecta
529 3468 584 3543 est,
617 3468 654 3529 ut
687 3467 718 3528 in
752 3467 807 3529 illa
828 3467 919 3549 plura
948 3465 1093 3548 deinceps
1117 3466 1287 3529 afferantur
1310 3465 1474 3528 enuntiata

282 3667 301 3735 1)
320 3684 334 3720 e
353 3669 545 3737 comparatione
563 3686 621 3722 cum
642 3669 701 3722 aliis
719 3671 865 3724 oratoribus
885 3670 974 3723 atticis
993 3663 1101 3723 ut'cum
1110 3669 1224 3722 Isocrate
1238 3668 1309 3722 facta
1327 3671 1396 3722 recte
1414 3685 1473 3720 eum

189 3754 391 3823 intelligendum
418 3773 474 3809 osse
501 3760 577 3826 puto;
606 3762 740 3827 practerea
766 3760 870 3827 Lysiam
899 3759 1041 3811 orationem
1067 3759 1214 3812 liberiorem
1242 3759 1327 3825 magis
1355 3758 1473 3810 idoneam

190 3843 313 3897 habuisse
337 3862 389 3914 qua
413 3845 548 3913 agentium
576 3863 659 3900 moros
687 3847 844 3900 describeret
870 3848 946 3900 Dion.
976 3851 1076 3914 monot;
1105 3865 1166 3900 nam
1194 3848 1260 3901 dicit
1282 3849 1299 3903 l.
1324 3865 1345 3902 c.
1366 3848 1397 3900 de
1416 3847 1473 3899 cius

191 3923 372 4019 ἦθοποιίᾳ.

280 4055 622 4122 ²)Di0n.d01)em.1a;
649 4057 680 4109 de
698 4056 776 4111 Isoor.
797 4061 827 4123 23
856 4057 939 4110 Plat.
959 4057 1070 4110 Phacrlr.
1092 4061 1143 4112 234
1162 4057 1205 4123 E.;
1235 4057 1297 4112 Cic.
1318 4074 1353 4111 or.
1374 4059 1388 4124 ξ
1408 4061 1471 4122 226;

192 4140 304 4208 Quint.
323 4144 370 4210 IX,
392 4149 415 4211 4,
438 4150 470 4199 16
490 4163 528 4215 sq.

282 4260 302 4329 3)
320 4260 428 4314 Errasso
446 4263 515 4316 enim
533 4264 665 4332 Dionys.
687 4262 718 4317 dc
736 4263 806 4316 Din.
826 4265 863 4329 (6)
882 4263 947 4316 haec
965 4264 1106 4317 dicentem:
1131 4247 1149 4317 ὁ
1170 4252 1231 4334 μέν
1240 4249 1376 4328 Λυσίας
1388 4246 1423 4316 ἔν
1437 4277 1473 4317 τε

190 4356 261 4426 τοῖς
283 4347 385 4428 ἰδίοις
407 4352 555 4430 καὶτοῖς
577 4352 752 4439 δημοσίοις
778 4347 903 4438 ἀγῶσιν
931 4347 1050 4431 αὐτὸς
1070 4349 1174 4440 αὐτῷ
1200 4350 1473 4438 ὁμολογούμε-

192 4447 256 4529 νός
276 4451 384 4519 ἐστιν
401 4451 450 4530 εἴς
470 4480 506 4520 τε
528 4454 587 4520 τὸν
609 4453 766 4523 temeraria
787 4452 914 4544 τρόπον
936 4457 993 4522 καὶ
1005 4455 1064 4544 τὴν
1083 4460 1150 4522 τῶν
1172 4450 1344 4540 ὀνομασίαν
1363 4453 1474 4547 σαφή-

191 4580 283 4620 νειαν
299 4557 356 4623 καὶ
380 4552 540 4623 σύνθεσιν
562 4571 619 4624 rura
637 4570 702 4623 meur
720 4571 750 4623 B.
771 4570 798 4638 (ι.
817 4570 834 4625 r.
853 4588 879 4640 p.
899 4573 950 4624 iro
971 4571 1007 4638 [n.
1029 4572 1066 4638 ry
1085 4573 1112 4623 ee
1131 4570 1158 4625 c.
1179 4572 1242 4640 (1.1.
1263 4589 1287 4641 p.
1308 4576 1342 4625 ro
1361 4573 1397 4638 [n.
1413 4573 1471 4637 roo

190 4677 293 4714 censere
311 4661 440 4715 videntur.

281 4771 303 4834 λ)
320 4768 353 4822 cf.
372 4768 403 4821 B.
423 4768 450 4837 ll.
469 4770 487 4822 l.
506 4787 531 4838 p.
551 4772 602 4823 416
622 4770 697 4840 sqq.),
715 4771 784 4825 Ber.
803 4772 832 4837 (l.
850 4771 868 4824 l.
887 4787 913 4840 p.
932 4770 970 4823 IV
988 4772 1015 4822 et
1032 4769 1071 4822 IX
1090 4770 1165 4839 σου),
1184 4770 1212 4825 C.
1231 4772 1259 4838 (l.
1279 4771 1296 4825 l.
1315 4788 1340 4840 p.
1352 4773 1472 4841 20sqq.).

281 4885 303 4951 5)
321 4884 354 4938 cf.
382 4884 451 4938 hanc
477 4887 503 4952 (ἓ
524 4886 567 4954 17)
594 4886 740 4955 periodum:
770 4868 856 4940 ἇλλᾶ
877 4907 910 4916 -
932 4869 1105 4963 ἐξήλασαν,
1133 4903 1212 4956 quam
1239 4905 1362 4956 magnam
1390 4890 1472 4940 artem

191 4979 323 5046 praestare
341 4979 411 5031 certe
428 4977 534 5031 concedi
552 4994 605 5030 non
622 4981 718 5048 potest.
