3330 5542
722 302 933 369 „46„

187 505 224 567 ut
246 502 419 567 neeessarIo
433 499 542 585 ,altera
566 503 697 565 alteram
731 501 820 583 sequi
843 501 992 566 videatur.
1050 499 1210 580 Quomodo
1233 499 1282 566 vel
1305 501 1478 586 superatur

186 612 244 674 hoo
275 610 416 692 Dionysii
447 610 606 687 iudicium,
640 609 721 690 quod
754 628 778 673 0.
805 611 845 672 15
878 609 950 673 libri
983 609 1039 685 sui,
1073 602 1111 670 τὸ
1133 600 1368 694 πραγματικόν
1397 628 1478 693 qno-

188 735 247 798 que
271 710 364 797 γέτος
383 719 526 798 tangam,
551 717 588 780 de
611 717 724 799 Lysiae
748 715 931 800 disponendi
960 719 1025 780 arte
1049 715 1136 780 feeit:
1166 707 1276 789 τάξει
1306 711 1343 778 δὲ
1374 707 1478 800 άττλῇ

185 846 250 886 τινι
281 818 437 908 κέχρηται
464 823 531 885 τῶν
556 814 769 908 πραγμάτων,
801 819 857 885 καὶ
884 817 925 884 τά
953 817 1066 886 πολλὰ
1091 815 1245 903 ὁμοειδεῖ
1272 844 1300 884 κ.
1323 845 1350 884 τ.
1373 817 1403 883 λ.
1428 860 1477 866 -

186 928 295 1010 Neque
319 928 425 990 tamen
448 928 507 991 hoo
529 947 629 990 unum
653 927 742 991 irrita
764 926 864 991 faeere
887 928 991 1010 potest
1014 928 1118 992 omnia
1141 927 1206 1010 illa,
1235 945 1314 1011 quae
1339 927 1478 1007 quanto-

187 1053 258 1117 pere
283 1053 301 1097 a
323 1034 435 1116 Lysiae
458 1034 699 1117 proprietatibus
724 1035 825 1098 aliena
849 1035 913 1099 sint
935 1035 1079 1099 vidimus.
1126 1034 1213 1113 Quae
1237 1035 1361 1116 singula
1378 1034 1476 1097 modo

188 1141 348 1217 minorem,
371 1141 461 1205 modo
477 1141 626 1205 maiorem
648 1143 799 1225 praebent
823 1142 1032 1219 offensionem,
1055 1143 1086 1205 in
1111 1163 1211 1206 unum
1235 1144 1341 1206 autem
1364 1143 1477 1206 eoaeta

187 1251 253 1311 tam
277 1247 489 1329 gravissunt,
521 1250 559 1312 ut
580 1268 688 1313 omnes
712 1249 775 1313 fere
799 1250 856 1312 viri
881 1249 964 1313 docti
992 1269 1107 1314 nonam
1131 1250 1266 1334 eorporis
1300 1248 1477 1314 orationem

187 1354 299 1437 Lysiae
324 1354 577 1420 abiudicaverint.

277 1461 338 1526 Sed
367 1464 509 1546 superest
539 1465 769 1545 argumentum,
804 1465 885 1545 quod
913 1467 1020 1528 eontra
1050 1458 1109 1549 τὴν
1130 1463 1191 1525 τοῦ
1214 1455 1315 1545 λόγου
1338 1453 1477 1552 γνηοιά-

188 1589 268 1655 τητα
290 1568 421 1633 fortasse
445 1587 481 1632 ex
514 1564 786 1654 Κτησικλέους
808 1571 878 1632 τοῦ
903 1559 1092 1656 άρχοντος
1123 1571 1280 1636 mentione
1304 1571 1337 1656 (ἕ
1361 1567 1395 1652 6)
1419 1589 1477 1654 pe-

187 1678 280 1741 tatur.
328 1675 418 1752 Quod
440 1676 476 1741 B.
503 1676 630 1759 quidem
661 1678 693 1762 (l.
716 1678 736 1740 l.
759 1699 787 1761 p.
813 1676 890 1761 600)
919 1679 1070 1762 repudiat,
1103 1679 1181 1743 Fra.
1212 1680 1318 1743 autem
1342 1679 1374 1763 (l.
1398 1678 1419 1743 l.
1442 1698 1476 1760 p.

191 1785 232 1847 66
258 1782 317 1868 sq.)
340 1803 403 1847 non
426 1786 515 1868 parvi
538 1786 689 1848 momenti
713 1804 781 1849 0000
804 1788 918 1852 monet.
965 1787 1038 1850 Fuit
1061 1786 1146 1850 enirn
1170 1785 1216 1852 Ol.
1241 1785 1319 1862 CXI,
1345 1787 1363 1848 3
1389 1786 1422 1871 (i.
1447 1805 1476 1852 0.

189 1910 215 1955 a.
239 1887 368 1978 33413)
402 1891 551 1956 Ctesioles
584 1892 711 1972 quidam
743 1893 874 1957 Athenis
903 1881 1012 1977 άρχωτ
1038 1884 1261 1974 ἐπάτομοςςῑ)
1296 1912 1356 1974 qno
1389 1911 1477 1957 anno

188 1998 299 2080 Lysias
328 1998 391 2061 iam
419 1999 544 2063 obierat.
600 1999 702 2078 Quare
736 2001 762 2063 si
790 2002 946 2064 constaret
969 2000 1135 2065 Ctesielem
1157 2001 1217 2065 hoe
1238 2001 1304 2064 loeo
1327 1987 1475 2083 άρχοττα

189 2092 365 2186 ductamina
391 2106 630 2188 intelligendum
659 2127 734 2185 esse,
768 2111 850 2172 certo
883 2109 1038 2173 affirmare
1070 2109 1177 2173 lioeret
1209 2108 1380 2173 orationem
1404 2127 1478 2172 esse

188 2213 283 2296 Lysia
306 2215 516 2278 recentiorem.
572 2214 661 2292 Quod
684 2217 720 2278 01
742 2217 824 2280 reote
858 2235 1090 2298 eognosoamuS,
1121 2217 1176 2280 illa
1200 2217 1218 2298 5
1242 2219 1262 2280 5
1285 2216 1381 2280 verba
1405 2215 1480 2278 dili-

189 2323 298 2402 genter
321 2323 384 2385 iam
409 2324 631 2386 examinemus.
676 2304 871 2406 Polyaenum
895 2344 966 2388 oum
989 2343 1052 2387 nou
1070 2323 1237 2387 verisimile
1261 2323 1303 2387 sit
1326 2323 1480 2404 cuiquam

190 2429 242 2492 alii
274 2429 503 2510 obiurgationes
537 2430 681 2494 intulisse
708 2433 832 2513 praeter
855 2432 1066 2514 imperatores,
1095 2432 1134 2495 ab
1163 2430 1280 2494 eisdem
1303 2431 1479 2494 multatum

191 2555 258 2600 esse
281 2536 426 2601 vidimus.
483 2536 544 2614 Qui
569 2537 644 2621 quin
674 2532 838 2624 ἐπιβολῆς
857 2539 1063 2623 imponendae
1086 2540 1274 2622 potestatem
1306 2537 1480 2602 habuerint

189 2643 317 2706 minime
349 2642 479 2706 dubium
503 2645 558 2708 est.
616 2636 656 2706 01
677 2638 761 2724 μετὰ
781 2640 1010 2730 Κτησικλέους
1030 2645 1091 2707 τοῦ
1113 2633 1272 2730 άοχοττος
1291 2645 1394 2727 igitur,
1421 2645 1480 2728 qui

189 2740 719 2835 0010100001ζημιιῦσαιῆξίωσαν,
737 2769 811 2815 0000
828 2754 958 2833 strategi
974 2753 1056 2816 sunt.
1088 2752 1191 2831 Quare
1206 2753 1479 2828 HoelsoheruS,

191 2856 230 2933 S,
263 2857 308 2934 B,
342 2857 394 2921 alii
427 2858 472 2921 010
494 2859 578 2921 huno
605 2858 708 2921 looum
741 2859 993 2941 interpretantur,
1026 2861 1062 2923 ut
1094 2859 1260 2924 Ctesiolem
1292 2851 1482 2945 στρατηγόν

189 2965 279 3029 illum
303 2967 321 3047 ξ
345 2968 366 3029 4
390 2968 667 3030 commemoratum
691 2960 907 3051 (προσελθὼν
931 2954 990 3028 οὖν
1011 2965 1065 3049 τῷ
1092 2966 1294 3051 στρατηγῷ
1320 2957 1480 3051 ἐδήλωσα

191 3095 220 3133 κ.
240 3094 268 3134 τ.
289 3070 332 3158 λ.)
355 3073 462 3137 dioant
485 3092 563 3155 esse,
586 3074 671 3137 hisee
696 3075 801 3137 autem
823 3075 940 3138 verbis:
966 3065 998 3134 οἱ
1021 3096 1055 3154 μ.
1077 3075 1137 3135 Κτ.
1161 3095 1187 3135 τ.
1210 3061 1282 3159 day.
1307 3093 1379 3137 eum
1403 3093 1480 3138 eum

191 3180 315 3261 eollegis
355 3181 420 3244 suis
454 3181 629 3262 significari.
691 3180 761 3259 Qua
793 3201 865 3245 oum
898 3181 1101 3262 explicatione
1134 3200 1196 3245 non
1229 3183 1357 3264 pugnat,
1392 3183 1478 3265 quod

191 3287 339 3351 Ctesieles
362 3307 425 3351 non
458 3279 652 3373 στρατηγός,
684 3288 738 3352 sed
771 3276 879 3374 άρχων
911 3288 1080 3352 admodum
1113 3287 1257 3369 ambigue
1291 3288 1479 3372 appellatur.

191 3395 275 3457 Nam
302 3396 338 3458 ut
366 3414 402 3458 ex
430 3395 479 3458 hIs
506 3394 594 3458 loeis:
628 3392 717 3477 XVI,
752 3398 807 3470 16;
839 3395 988 3472 XXVIII,
1024 3397 1039 3458 1
1071 3418 1077 3469 ;
1112 3395 1223 3478 [XIV],
1247 3397 1309 3470 21;
1334 3395 1430 3477 [XV]‚
1456 3398 1479 3458 5

191 3499 335 3583 0100013)
368 3491 535 3586 ἀρχόντων
564 3502 689 3566 000100
722 3521 777 3585 pro
801 3502 995 3588 στρατηγῶν
1014 3502 1126 3584 Lysias
1160 3502 1255 3565 etiam
1293 3502 1366 3566 alibi
1397 3521 1479 3566 usus

192 3611 280 3690 0011)
327 3608 527 3692 Quamquam
549 3610 581 3672 ll.
604 3610 635 3674 ll.
660 3629 768 3674 omnes
793 3629 915 3692 semper
942 3611 1100 3694 praetores
1128 3609 1272 3692 plurali
1301 3609 1480 3674 10000110-

193 3717 364 3797 signantur.
421 3716 482 3780 Sed
513 3736 553 3780 ue
588 3718 798 3780 assentiamur
829 3717 892 3780 illis
914 3717 990 3780 viris
1017 3717 1124 3793 doctis,
1156 3717 1355 3800 potissimum
1387 3735 1480 3800 prae-

190 3825 301 3907 positio
324 3814 420 3904 μειά
441 3825 581 3907 impedit.
629 3824 715 3903 Quae
739 3825 792 3889 ubi
816 3826 894 3888 item
918 3826 1012 3905 atque
1036 3826 1142 3888 nostro
1165 3825 1232 3888 loeo
1254 3826 1405 3908 usurpata
1428 3824 1480 3886 in-

192 3932 324 4008 venitur,
350 3951 422 3995 eum
445 3932 584 4014 postulat
607 3951 742 4008 sensum,
766 3935 802 3995 01
825 3933 887 4014 ille,
920 3933 1008 3995 ouius
1032 3931 1155 3994 nomine
1180 3933 1274 3995 aeteri
1299 3932 1389 4014 quasi
1422 3950 1480 3994 no-

192 4041 308 4116 tantur,
331 4038 413 4103 inter
437 4057 488 4102 eos
513 4038 617 4121 aliquo
641 4040 731 4103 modo
755 4041 900 4122 praestet.
954 4040 999 4104 Ut
1021 4040 1054 4101 in
1078 4039 1163 4102 hisee
1186 4038 1335 4121 exemplis
1359 4037 1478 4102 milites

192 4147 242 4210 vel
265 4147 369 4228 eopiae
385 4145 436 4210 vel
453 4145 589 4222 0001100,
614 4146 668 4228 qui
692 4147 750 4210 snb
774 4146 905 4209 alieuius
921 4146 1050 4228 imperio
1070 4147 1152 4223 0001,
1176 4145 1371 4227 intelligendi
1387 4148 1478 4209 suut:

194 4246 226 4314 oi
247 4251 450 4338 superunitur
473 4241 532 4313 οὐκ
551 4239 735 4337 ἠβούλοντο
757 4254 839 4325 τοῖς
869 4247 965 4333 μετά
991 4245 1201 4338 &pandion
1233 4243 1479 4314 συντάττεσθαι

196 4395 418 4402 ---—---——-—
427 4395 515 4399 ..η-μ..

287 4469 304 4538 ¹)
323 4469 355 4524 ef.
374 4470 451 4523 Diod.
462 4468 559 4536 XVIII,
581 4473 626 4535 173
645 4468 754 4537 Dionys.
774 4467 835 4523 Din.
855 4474 884 4535 9;
905 4467 972 4524 (1.1.
993 4486 1032 4536 gr.
1054 4473 1113 4536 157,
1133 4473 1157 4537 6,
1178 4472 1227 4535 28'3
1245 4468 1312 4539 Eph.
1328 4469 1477 4537 areh.114;

195 4559 227 4613 V.
247 4558 272 4613 d.
291 4576 341 4613 om.
360 4563 436 4613 8440
454 4561 503 4613 ete.

284 4648 305 4717 ²)
323 4647 356 4702 ef.
376 4648 402 4702 S.
422 4649 449 4718 (l.
468 4649 485 4703 l.
505 4667 530 4718 p.
553 4652 702 4715 130117).

285 4740 307 4805 ³)
325 4737 410 4803 Quare
437 4739 488 4792 Ba.
517 4738 709 4808 (110239)
736 4739 832 4792 mirum
859 4737 974 4791 accidere
1002 4737 1098 4806 dicens,
1128 4738 1197 4809 quod
1224 4740 1328 4807 praeter
1353 4736 1479 4793 Ctesioles

196 4838 341 4908 appelletur
368 4838 472 4904 arohen,
500 4839 578 4890 verba
606 4828 667 4891 τοῦ
686 4817 844 4913 ἄρχοντος
863 4838 967 4907 praeter
993 4837 1176 4890 nenessitatem
1204 4836 1280 4902 delet,
1309 4839 1340 4890 ut
1364 4837 1479 4891 asciolo

195 4933 379 5004 interpolatore
396 4932 520 5001 profecta.
