<?xml version="1.0" encoding="UTF-8"?>
<!DOCTYPE html PUBLIC "-//W3C//DTD XHTML 1.0 Transitional//EN"
    "http://www.w3.org/TR/xhtml1/DTD/xhtml1-transitional.dtd">
<html xmlns="http://www.w3.org/1999/xhtml" xml:lang="en" lang="en">
 <head>
  <title>
</title>
<meta http-equiv="Content-Type" content="text/html;charset=utf-8" />
  <meta name='ocr-system' content='tesseract 3.04.00' />
  <meta name='ocr-capabilities' content='ocr_page ocr_carea ocr_par ocr_line ocrx_word'/>
</head>
<body>
  <div class='ocr_page' id='page_1' title='image "./deorationishype00pabsgoog_0036.png"; bbox 0 0 3330 5542; ppageno 0'>
   <div class='ocr_carea' id='block_1_1' title="bbox 732 317 943 378">
    <p class='ocr_par' dir='ltr' id='par_1_1' title="bbox 732 317 943 378">
     <span class='ocr_line' id='line_1_1' title="bbox 732 317 943 378; baseline 0 -16"><span class='ocrx_word' id='word_1_1' title='bbox 732 317 943 378; x_wconf 62' lang='lat'><strong>„25-</strong></span> 
     </span>
    </p>
   </div>
   <div class='ocr_carea' id='block_1_2' title="bbox 192 509 1497 1349">
    <p class='ocr_par' dir='ltr' id='par_1_2' title="bbox 192 509 1497 1349">
     <span class='ocr_line' id='line_1_2' title="bbox 194 509 1476 594; baseline 0.005 -21"><span class='ocrx_word' id='word_1_2' title='bbox 194 509 312 572; x_wconf 87' lang='lat' dir='ltr'><strong>Verum</strong></span> <span class='ocrx_word' id='word_1_3' title='bbox 337 512 493 574; x_wconf 88' lang='lat' dir='ltr'><strong>sententia</strong></span> <span class='ocrx_word' id='word_1_4' title='bbox 516 510 560 575; x_wconf 57' lang='lat' dir='ltr'><strong>B}</strong></span> <span class='ocrx_word' id='word_1_5' title='bbox 585 515 616 575; x_wconf 86' lang='lat' dir='ltr'><strong>et</strong></span> <span class='ocrx_word' id='word_1_6' title='bbox 640 509 731 587; x_wconf 54' lang='lat' dir='ltr'><strong>Stil)</strong></span> <span class='ocrx_word' id='word_1_7' title='bbox 765 512 817 594; x_wconf 91' lang='lat' dir='ltr'><strong>qui</strong></span> <span class='ocrx_word' id='word_1_8' title='bbox 841 514 957 594; x_wconf 88' lang='lat' dir='ltr'><strong>putant</strong></span> <span class='ocrx_word' id='word_1_9' title='bbox 981 515 1192 577; x_wconf 78' lang='lat' dir='ltr'><strong>accusatorem</strong></span> <span class='ocrx_word' id='word_1_10' title='bbox 1215 516 1354 578; x_wconf 77' lang='lat' dir='ltr'><strong>veterani</strong></span> <span class='ocrx_word' id='word_1_11' title='bbox 1378 517 1476 580; x_wconf 87' lang='lat' dir='ltr'><strong>oivem</strong></span> 
     </span>
     <span class='ocr_line' id='line_1_3' title="bbox 196 604 1475 703; baseline 0.005 -23"><span class='ocrx_word' id='word_1_12' title='bbox 196 617 354 700; x_wconf 83' lang='lat' dir='ltr'>quendam</span> <span class='ocrx_word' id='word_1_13' title='bbox 377 618 599 681; x_wconf 80' lang='lat' dir='ltr'><strong>Atheniensem</strong></span> <span class='ocrx_word' id='word_1_14' title='bbox 632 619 737 695; x_wconf 88' lang='lat' dir='ltr'><strong>fuisse,</strong></span> <span class='ocrx_word' id='word_1_15' title='bbox 769 619 912 681; x_wconf 89' lang='lat' dir='ltr'><strong>firmatur</strong></span> <span class='ocrx_word' id='word_1_16' title='bbox 944 621 1068 683; x_wconf 85' lang='lat' dir='ltr'><strong>nostrae</strong></span> <span class='ocrx_word' id='word_1_17' title='bbox 1092 621 1241 684; x_wconf 89' lang='lat' dir='ltr'><strong>erationis</strong></span> <span class='ocrx_word' id='word_1_18' title='bbox 1274 604 1368 703; x_wconf 33' lang='lat'>§1⁴1.</span> <span class='ocrx_word' id='word_1_19' title='bbox 1414 624 1475 688; x_wconf 88' lang='lat' dir='ltr'><strong>Ubi</strong></span> 
     </span>
     <span class='ocr_line' id='line_1_4' title="bbox 193 715 1476 813; baseline 0.001 -24"><span class='ocrx_word' id='word_1_20' title='bbox 193 725 342 807; x_wconf 83' lang='lat' dir='ltr'><strong>legimus:</strong></span> <span class='ocrx_word' id='word_1_21' title='bbox 366 719 571 806; x_wconf 72' lang='grc' dir='ltr'><strong><em>συνέγνωσαν</em></strong></span> <span class='ocrx_word' id='word_1_22' title='bbox 602 722 639 789; x_wconf 83' lang='grc' dir='ltr'><strong><em>δέ</em></strong></span> <span class='ocrx_word' id='word_1_23' title='bbox 664 721 722 788; x_wconf 81' lang='grc' dir='ltr'><strong><em>καὶ</em></strong></span> <span class='ocrx_word' id='word_1_24' title='bbox 746 715 841 789; x_wconf 77' lang='grc' dir='ltr'><strong><em>αὐτοὶ</em></strong></span> <span class='ocrx_word' id='word_1_25' title='bbox 865 719 982 806; x_wconf 80' lang='grc' dir='ltr'><strong><em>σφίσιν</em></strong></span> <span class='ocrx_word' id='word_1_26' title='bbox 1004 717 1050 799; x_wconf 69' lang='lat' dir='ltr'><strong>aig</strong></span> <span class='ocrx_word' id='word_1_27' title='bbox 1073 718 1267 813; x_wconf 72' lang='grc' dir='ltr'><strong><em>ἠδικηκότες</em></strong></span> <span class='ocrx_word' id='word_1_28' title='bbox 1284 744 1292 758; x_wconf 82' lang='grc'><em>·</em></span> <span class='ocrx_word' id='word_1_29' title='bbox 1312 716 1388 790; x_wconf 68' lang='grc' dir='ltr'><strong><em>οὔτε</em></strong></span> <span class='ocrx_word' id='word_1_30' title='bbox 1413 723 1476 813; x_wconf 81' lang='grc' dir='ltr'><strong>γὰρ</strong></span> 
     </span>
     <span class='ocr_line' id='line_1_5' title="bbox 195 821 1476 917; baseline 0.005 -24"><span class='ocrx_word' id='word_1_31' title='bbox 195 821 340 906; x_wconf 76' lang='grc' dir='ltr'><em>εὐθύνας</em></span> <span class='ocrx_word' id='word_1_32' title='bbox 359 823 504 909; x_wconf 79' lang='grc' dir='ltr'><em>ὑπέσχον</em></span> <span class='ocrx_word' id='word_1_33' title='bbox 524 856 552 895; x_wconf 92' lang='grc' dir='ltr'><strong>κ.</strong></span> <span class='ocrx_word' id='word_1_34' title='bbox 577 854 604 894; x_wconf 87' lang='grc' dir='ltr'><strong>τ.</strong></span> <span class='ocrx_word' id='word_1_35' title='bbox 627 831 686 915; x_wconf 58' lang='grc' dir='ltr'><strong>λλ)</strong></span> <span class='ocrx_word' id='word_1_36' title='bbox 726 834 886 915; x_wconf 83' lang='lat' dir='ltr'><strong>Strateges</strong></span> <span class='ocrx_word' id='word_1_37' title='bbox 909 833 1005 915; x_wconf 88' lang='lat' dir='ltr'><strong>igitur</strong></span> <span class='ocrx_word' id='word_1_38' title='bbox 1029 822 1174 906; x_wconf 79' lang='grc' dir='ltr'><strong><em>εὐθύνας</em></strong></span> <span class='ocrx_word' id='word_1_39' title='bbox 1197 834 1329 899; x_wconf 89' lang='lat' dir='ltr'><strong>subiisse</strong></span> <span class='ocrx_word' id='word_1_40' title='bbox 1338 834 1362 917; x_wconf 70' lang='lat'><strong>¹³)</strong></span> <span class='ocrx_word' id='word_1_41' title='bbox 1386 837 1476 901; x_wconf 90' lang='lat' dir='ltr'><strong>miles</strong></span> 
     </span>
     <span class='ocr_line' id='line_1_6' title="bbox 193 939 1497 1024; baseline 0.004 -22"><span class='ocrx_word' id='word_1_42' title='bbox 193 942 297 1021; x_wconf 89' lang='lat' dir='ltr'><strong>negat,</strong></span> <span class='ocrx_word' id='word_1_43' title='bbox 322 939 404 1022; x_wconf 93' lang='lat' dir='ltr'><strong>qued</strong></span> <span class='ocrx_word' id='word_1_44' title='bbox 427 939 536 1023; x_wconf 89' lang='lat' dir='ltr'><strong>eulpae</strong></span> <span class='ocrx_word' id='word_1_45' title='bbox 560 958 634 1003; x_wconf 91' lang='lat' dir='ltr'><strong>suae</strong></span> <span class='ocrx_word' id='word_1_46' title='bbox 659 942 716 1005; x_wconf 92' lang='lat' dir='ltr'><strong>sibi</strong></span> <span class='ocrx_word' id='word_1_47' title='bbox 734 941 850 1005; x_wconf 88' lang='lat' dir='ltr'><strong>oenseii</strong></span> <span class='ocrx_word' id='word_1_48' title='bbox 872 940 1015 1004; x_wconf 87' lang='lat' dir='ltr'><strong>fuissent.</strong></span> <span class='ocrx_word' id='word_1_49' title='bbox 1047 939 1188 1017; x_wconf 78' lang='lat' dir='ltr'><strong>Quoeum</strong></span> <span class='ocrx_word' id='word_1_50' title='bbox 1203 942 1293 1005; x_wconf 88' lang='lat' dir='ltr'><strong>valde</strong></span> <span class='ocrx_word' id='word_1_51' title='bbox 1309 962 1497 1024; x_wconf 77' lang='lat' dir='ltr'><strong>congruere·</strong></span> 
     </span>
     <span class='ocr_line' id='line_1_7' title="bbox 194 1039 1476 1132; baseline 0 -21"><span class='ocrx_word' id='word_1_52' title='bbox 194 1047 426 1111; x_wconf 81' lang='lat' dir='ltr'><strong>eoncedendum</strong></span> <span class='ocrx_word' id='word_1_53' title='bbox 459 1048 514 1122; x_wconf 74' lang='lat' dir='ltr'><strong>est,</strong></span> <span class='ocrx_word' id='word_1_54' title='bbox 548 1047 629 1129; x_wconf 92' lang='lat' dir='ltr'><strong>quod</strong></span> <span class='ocrx_word' id='word_1_55' title='bbox 659 1048 767 1111; x_wconf 88' lang='lat' dir='ltr'><strong>eadem</strong></span> <span class='ocrx_word' id='word_1_56' title='bbox 796 1048 904 1130; x_wconf 87' lang='lat' dir='ltr'><strong>eulpae</strong></span> <span class='ocrx_word' id='word_1_57' title='bbox 934 1047 1123 1111; x_wconf 89' lang='lat' dir='ltr'><strong>eenseientia</strong></span> <span class='ocrx_word' id='word_1_58' title='bbox 1150 1047 1204 1124; x_wconf 91' lang='lat' dir='ltr'><strong>illi,</strong></span> <span class='ocrx_word' id='word_1_59' title='bbox 1242 1068 1282 1112; x_wconf 88' lang='lat' dir='ltr'><strong>ne</strong></span> <span class='ocrx_word' id='word_1_60' title='bbox 1305 1050 1365 1132; x_wconf 91' lang='lat' dir='ltr'><strong>ipsi</strong></span> <span class='ocrx_word' id='word_1_61' title='bbox 1389 1039 1476 1112; x_wconf 78' lang='lat' dir='ltr'><strong>airao-</strong></span> 
     </span>
     <span class='ocr_line' id='line_1_8' title="bbox 193 1143 1477 1239; baseline 0.007 -26"><span class='ocrx_word' id='word_1_62' title='bbox 193 1143 325 1237; x_wconf 75' lang='grc' dir='ltr'><strong><em>γραηήν</em></strong></span> <span class='ocrx_word' id='word_1_63' title='bbox 347 1152 553 1229; x_wconf 80' lang='lat' dir='ltr'><strong>intenderent</strong></span> <span class='ocrx_word' id='word_1_64' title='bbox 585 1153 725 1217; x_wconf 84' lang='lat' dir='ltr'><strong>deterriti</strong></span> <span class='ocrx_word' id='word_1_65' title='bbox 758 1157 829 1219; x_wconf 90' lang='lat' dir='ltr'><strong>siut.</strong></span> <span class='ocrx_word' id='word_1_66' title='bbox 876 1154 995 1233; x_wconf 79' lang='lat' dir='ltr'>Quibus</span> <span class='ocrx_word' id='word_1_67' title='bbox 1028 1154 1082 1218; x_wconf 90' lang='lat' dir='ltr'><strong>lite</strong></span> <span class='ocrx_word' id='word_1_68' title='bbox 1117 1155 1233 1219; x_wconf 87' lang='lat' dir='ltr'><strong>amissa</strong></span> <span class='ocrx_word' id='word_1_69' title='bbox 1264 1157 1284 1221; x_wconf 86' lang='lat' dir='ltr'><strong>i.</strong></span> <span class='ocrx_word' id='word_1_70' title='bbox 1318 1177 1341 1222; x_wconf 90' lang='lat' dir='ltr'><strong>e.</strong></span> <span class='ocrx_word' id='word_1_71' title='bbox 1366 1158 1477 1239; x_wconf 91' lang='lat' dir='ltr'><strong>quinta</strong></span> 
     </span>
     <span class='ocr_line' id='line_1_9' title="bbox 192 1260 1476 1349; baseline 0.005 -27"><span class='ocrx_word' id='word_1_72' title='bbox 192 1260 332 1323; x_wconf 84' lang='lat' dir='ltr'><strong>iudicum</strong></span> <span class='ocrx_word' id='word_1_73' title='bbox 364 1260 582 1341; x_wconf 89' lang='lat' dir='ltr'><strong>suffragiorum</strong></span> <span class='ocrx_word' id='word_1_74' title='bbox 604 1263 692 1343; x_wconf 89' lang='lat' dir='ltr'><strong>parte</strong></span> <span class='ocrx_word' id='word_1_75' title='bbox 725 1281 787 1326; x_wconf 92' lang='lat' dir='ltr'><strong>nen</strong></span> <span class='ocrx_word' id='word_1_76' title='bbox 810 1262 978 1345; x_wconf 86' lang='lat' dir='ltr'><strong>impetrata</strong></span> <span class='ocrx_word' id='word_1_77' title='bbox 1010 1281 1047 1325; x_wconf 90' lang='lat' dir='ltr'><strong>ea</strong></span> <span class='ocrx_word' id='word_1_78' title='bbox 1079 1261 1242 1325; x_wconf 88' lang='lat' dir='ltr'><strong>subeunda</strong></span> <span class='ocrx_word' id='word_1_79' title='bbox 1265 1267 1363 1340; x_wconf 91' lang='lat' dir='ltr'><strong>erant,</strong></span> <span class='ocrx_word' id='word_1_80' title='bbox 1396 1284 1476 1349; x_wconf 89' lang='lat' dir='ltr'><strong>quae</strong></span> 
     </span>
    </p>
   </div>
   <div class='ocr_carea' id='block_1_3' title="bbox 91 1367 1475 1455">
    <p class='ocr_par' dir='ltr' id='par_1_3' title="bbox 91 1367 1475 1455">
     <span class='ocr_line' id='line_1_10' title="bbox 91 1367 1475 1455; baseline 0.001 -23"><span class='ocrx_word' id='word_1_81' title='bbox 91 1382 97 1391; x_wconf 90' lang='lat'>&#39;</span> <span class='ocrx_word' id='word_1_82' title='bbox 194 1389 288 1432; x_wconf 87' lang='lat' dir='ltr'><strong>eausa</strong></span> <span class='ocrx_word' id='word_1_83' title='bbox 310 1368 432 1452; x_wconf 86' lang='lat' dir='ltr'><strong>perdita</strong></span> <span class='ocrx_word' id='word_1_84' title='bbox 456 1367 514 1431; x_wconf 91' lang='lat' dir='ltr'><strong>sibi</strong></span> <span class='ocrx_word' id='word_1_85' title='bbox 536 1369 655 1431; x_wconf 90' lang='lat' dir='ltr'><strong>instare</strong></span> <span class='ocrx_word' id='word_1_86' title='bbox 672 1369 747 1433; x_wconf 91' lang='lat' dir='ltr'><strong>dieit</strong></span> <span class='ocrx_word' id='word_1_87' title='bbox 761 1370 966 1455; x_wconf 90' lang='lat' dir='ltr'><strong>Apollodorus</strong></span> <span class='ocrx_word' id='word_1_88' title='bbox 990 1369 1122 1451; x_wconf 56' lang='lat' dir='ltr'><strong>(Hiemi</strong></span> <span class='ocrx_word' id='word_1_89' title='bbox 1143 1369 1475 1453; x_wconf 77' lang='lat' dir='ltr'><strong>e.Nieestr.er.§1):</strong></span> 
     </span>
    </p>
   </div>
   <div class='ocr_carea' id='block_1_4' title="bbox 191 1465 1477 1772">
    <p class='ocr_par' dir='ltr' id='par_1_4' title="bbox 191 1465 1477 1772">
     <span class='ocr_line' id='line_1_11' title="bbox 192 1465 1477 1561; baseline 0.003 -25"><span class='ocrx_word' id='word_1_90' title='bbox 192 1467 400 1536; x_wconf 75' lang='grc' dir='ltr'><strong><em>ἐκινδύνευον</em></strong></span> <span class='ocrx_word' id='word_1_91' title='bbox 419 1465 460 1535; x_wconf 76' lang='grc' dir='ltr'><strong>δν</strong></span> <span class='ocrx_word' id='word_1_92' title='bbox 479 1468 559 1557; x_wconf 82' lang='grc' dir='ltr'><strong><em>περὶ</em></strong></span> <span class='ocrx_word' id='word_1_93' title='bbox 573 1468 689 1550; x_wconf 80' lang='grc' dir='ltr'><strong><em>χιλίων</em></strong></span> <span class='ocrx_word' id='word_1_94' title='bbox 710 1473 865 1559; x_wconf 77' lang='grc' dir='ltr'><strong><em>δραχμῶν</em></strong></span> <span class='ocrx_word' id='word_1_95' title='bbox 880 1472 937 1538; x_wconf 84' lang='grc' dir='ltr'><strong><em>καὶ</em></strong></span> <span class='ocrx_word' id='word_1_96' title='bbox 958 1474 1019 1538; x_wconf 85' lang='grc' dir='ltr'><strong><em>τοῦ</em></strong></span> <span class='ocrx_word' id='word_1_97' title='bbox 1037 1471 1207 1558; x_wconf 85' lang='grc' dir='ltr'><strong><em>μηδέποτε</em></strong></span> <span class='ocrx_word' id='word_1_98' title='bbox 1223 1472 1350 1561; x_wconf 80' lang='grc' dir='ltr'><strong><em>μηδένα</em></strong></span> <span class='ocrx_word' id='word_1_99' title='bbox 1372 1466 1477 1550; x_wconf 73' lang='grc' dir='ltr'><strong><em>αὖθις</em></strong></span> 
     </span>
     <span class='ocr_line' id='line_1_12' title="bbox 191 1569 1475 1665; baseline 0.005 -25"><span class='ocrx_word' id='word_1_100' title='bbox 191 1570 447 1663; x_wconf 71' lang='grc' dir='ltr'><strong><em>ὑπὲριέμαυτοῦ</em></strong></span> <span class='ocrx_word' id='word_1_101' title='bbox 466 1569 714 1661; x_wconf 56' lang='grc' dir='ltr'><strong><em>γράψασθαιλ)</em></strong></span> <span class='ocrx_word' id='word_1_102' title='bbox 732 1618 772 1625; x_wconf 96' lang='grc'>-</span> <span class='ocrx_word' id='word_1_103' title='bbox 790 1579 879 1658; x_wconf 81' lang='lat' dir='ltr'><strong>Quod</strong></span> <span class='ocrx_word' id='word_1_104' title='bbox 903 1580 1013 1643; x_wconf 88' lang='lat' dir='ltr'><strong>deiude</strong></span> <span class='ocrx_word' id='word_1_105' title='bbox 1030 1584 1195 1644; x_wconf 88' lang='lat' dir='ltr'><strong>veteranus</strong></span> <span class='ocrx_word' id='word_1_106' title='bbox 1212 1581 1249 1644; x_wconf 91' lang='lat' dir='ltr'><strong>de</strong></span> <span class='ocrx_word' id='word_1_107' title='bbox 1273 1577 1421 1665; x_wconf 78' lang='grc' dir='ltr'><strong><em>ἐπιβολῇ</em></strong></span> <span class='ocrx_word' id='word_1_108' title='bbox 1443 1602 1475 1646; x_wconf 90' lang='lat' dir='ltr'><strong>se</strong></span> 
     </span>
     <span class='ocr_line' id='line_1_13' title="bbox 191 1675 1475 1772; baseline 0.003 -24"><span class='ocrx_word' id='word_1_109' title='bbox 191 1685 372 1761; x_wconf 87' lang='lat' dir='ltr'><strong>defenderit,</strong></span> <span class='ocrx_word' id='word_1_110' title='bbox 388 1705 450 1748; x_wconf 92' lang='lat' dir='ltr'><strong>non</strong></span> <span class='ocrx_word' id='word_1_111' title='bbox 464 1685 502 1748; x_wconf 94' lang='lat' dir='ltr'><strong>de</strong></span> <span class='ocrx_word' id='word_1_112' title='bbox 512 1686 581 1769; x_wconf 91' lang='lat' dir='ltr'><strong>ipsa</strong></span> <span class='ocrx_word' id='word_1_113' title='bbox 597 1675 824 1772; x_wconf 74' lang='grc' dir='ltr'><strong><em>ἄπο)ραηνῇ,5)</em></strong></span> <span class='ocrx_word' id='word_1_114' title='bbox 843 1706 1035 1770; x_wconf 90' lang='lat' dir='ltr'><strong>quamquam</strong></span> <span class='ocrx_word' id='word_1_115' title='bbox 1051 1687 1149 1768; x_wconf 77' lang='lat' dir='ltr'><strong>§3de</strong></span> <span class='ocrx_word' id='word_1_116' title='bbox 1166 1688 1225 1752; x_wconf 89' lang='lat' dir='ltr'><strong>hae</strong></span> <span class='ocrx_word' id='word_1_117' title='bbox 1240 1687 1298 1752; x_wconf 91' lang='lat' dir='ltr'><strong>sibi</strong></span> <span class='ocrx_word' id='word_1_118' title='bbox 1310 1688 1475 1752; x_wconf 80' lang='lat' dir='ltr'><strong>dicendum</strong></span> 
     </span>
    </p>
   </div>
   <div class='ocr_carea' id='block_1_5' title="bbox 189 1915 1476 2151">
    <p class='ocr_par' dir='ltr' id='par_1_5' title="bbox 189 1915 1476 2151">
     <span class='ocr_line' id='line_1_14' title="bbox 284 1915 1476 1987; baseline 0.003 -17"><span class='ocrx_word' id='word_1_119' title='bbox 284 1919 301 1985; x_wconf 83' lang='grc' dir='ltr'><strong>Ι)</strong></span> <span class='ocrx_word' id='word_1_120' title='bbox 320 1917 352 1971; x_wconf 89' lang='lat' dir='ltr'><strong>ef.</strong></span> <span class='ocrx_word' id='word_1_121' title='bbox 373 1917 403 1972; x_wconf 94' lang='lat' dir='ltr'><strong>A.</strong></span> <span class='ocrx_word' id='word_1_122' title='bbox 423 1918 473 1971; x_wconf 58' lang='lat' dir='ltr'><strong>Bst</strong></span> <span class='ocrx_word' id='word_1_123' title='bbox 491 1917 512 1985; x_wconf 93' lang='grc' dir='ltr'><strong>Ι,</strong></span> <span class='ocrx_word' id='word_1_124' title='bbox 531 1935 556 1987; x_wconf 87' lang='lat' dir='ltr'><strong>p.</strong></span> <span class='ocrx_word' id='word_1_125' title='bbox 578 1921 628 1971; x_wconf 82' lang='grc'><strong>597</strong></span> <span class='ocrx_word' id='word_1_126' title='bbox 648 1920 676 1970; x_wconf 90' lang='lat' dir='ltr'><strong>et</strong></span> <span class='ocrx_word' id='word_1_127' title='bbox 694 1915 760 1984; x_wconf 77' lang='lat' dir='ltr'><strong>St„</strong></span> <span class='ocrx_word' id='word_1_128' title='bbox 779 1936 804 1986; x_wconf 92' lang='lat' dir='ltr'><strong>p.</strong></span> <span class='ocrx_word' id='word_1_129' title='bbox 816 1922 858 1971; x_wconf 88' lang='grc'><strong>91.</strong></span> <span class='ocrx_word' id='word_1_130' title='bbox 887 1917 917 1970; x_wconf 92' lang='grc' dir='ltr'><strong>Β.</strong></span> <span class='ocrx_word' id='word_1_131' title='bbox 937 1919 1019 1970; x_wconf 90' lang='lat' dir='ltr'><strong>eivem</strong></span> <span class='ocrx_word' id='word_1_132' title='bbox 1038 1918 1111 1971; x_wconf 90' lang='lat' dir='ltr'><strong>illum</strong></span> <span class='ocrx_word' id='word_1_133' title='bbox 1131 1935 1147 1970; x_wconf 93' lang='lat' dir='ltr'><strong>a</strong></span> <span class='ocrx_word' id='word_1_134' title='bbox 1165 1919 1290 1986; x_wconf 80' lang='lat' dir='ltr'><strong>strategis</strong></span> <span class='ocrx_word' id='word_1_135' title='bbox 1309 1919 1348 1972; x_wconf 89' lang='lat' dir='ltr'><strong>vel</strong></span> <span class='ocrx_word' id='word_1_136' title='bbox 1367 1920 1476 1973; x_wconf 70' lang='lat' dir='ltr'><strong>dicendo</strong></span> 
     </span>
     <span class='ocr_line' id='line_1_15' title="bbox 189 2006 1475 2077; baseline 0.001 -16"><span class='ocrx_word' id='word_1_137' title='bbox 189 2009 230 2061; x_wconf 90' lang='lat' dir='ltr'><strong>vel</strong></span> <span class='ocrx_word' id='word_1_138' title='bbox 248 2008 369 2061; x_wconf 87' lang='lat' dir='ltr'><strong>testando</strong></span> <span class='ocrx_word' id='word_1_139' title='bbox 396 2009 501 2061; x_wconf 89' lang='lat' dir='ltr'><strong>tantum</strong></span> <span class='ocrx_word' id='word_1_140' title='bbox 529 2006 652 2060; x_wconf 90' lang='lat' dir='ltr'><strong>adiutum</strong></span> <span class='ocrx_word' id='word_1_141' title='bbox 680 2023 736 2060; x_wconf 87' lang='lat' dir='ltr'><strong>asse</strong></span> <span class='ocrx_word' id='word_1_142' title='bbox 765 2007 908 2074; x_wconf 84' lang='lat' dir='ltr'><strong>existimat,</strong></span> <span class='ocrx_word' id='word_1_143' title='bbox 936 2007 975 2062; x_wconf 87' lang='lat' dir='ltr'><strong>St.</strong></span> <span class='ocrx_word' id='word_1_144' title='bbox 994 2025 1053 2061; x_wconf 90' lang='lat' dir='ltr'><strong>eum</strong></span> <span class='ocrx_word' id='word_1_145' title='bbox 1072 2024 1174 2077; x_wconf 89' lang='lat' dir='ltr'><strong>queque</strong></span> <span class='ocrx_word' id='word_1_146' title='bbox 1192 2008 1321 2077; x_wconf 84' lang='lat' dir='ltr'><strong>Polyaeno</strong></span> <span class='ocrx_word' id='word_1_147' title='bbox 1340 2009 1475 2062; x_wconf 88' lang='lat' dir='ltr'><strong>inimicum</strong></span> 
     </span>
     <span class='ocr_line' id='line_1_16' title="bbox 193 2097 389 2151; baseline -0.005 0"><span class='ocrx_word' id='word_1_148' title='bbox 193 2097 276 2151; x_wconf 89' lang='lat' dir='ltr'><strong>fuisse</strong></span> <span class='ocrx_word' id='word_1_149' title='bbox 293 2101 389 2151; x_wconf 89' lang='lat' dir='ltr'><strong>monet.</strong></span> 
     </span>
    </p>
   </div>
   <div class='ocr_carea' id='block_1_6' title="bbox 190 2177 1477 2376">
    <p class='ocr_par' dir='ltr' id='par_1_6' title="bbox 190 2177 1477 2376">
     <span class='ocr_line' id='line_1_17' title="bbox 280 2177 1477 2271; baseline 0.003 -23"><span class='ocrx_word' id='word_1_150' title='bbox 280 2198 302 2262; x_wconf 57' lang='grc' dir='ltr'><strong>ν)</strong></span> <span class='ocrx_word' id='word_1_151' title='bbox 321 2196 353 2248; x_wconf 88' lang='lat' dir='ltr'><strong>de</strong></span> <span class='ocrx_word' id='word_1_152' title='bbox 375 2195 417 2248; x_wconf 90' lang='lat' dir='ltr'><strong>his</strong></span> <span class='ocrx_word' id='word_1_153' title='bbox 441 2195 534 2261; x_wconf 84' lang='lat' dir='ltr'><strong>verbis,</strong></span> <span class='ocrx_word' id='word_1_154' title='bbox 558 2211 625 2264; x_wconf 89' lang='lat' dir='ltr'><strong>quae</strong></span> <span class='ocrx_word' id='word_1_155' title='bbox 648 2197 807 2264; x_wconf 87' lang='lat' dir='ltr'><strong>sequuntur:</strong></span> <span class='ocrx_word' id='word_1_156' title='bbox 838 2177 914 2251; x_wconf 73' lang='lat' dir='ltr'><strong>otios</strong></span> <span class='ocrx_word' id='word_1_157' title='bbox 944 2183 991 2262; x_wconf 78' lang='grc' dir='ltr'><strong>εἰς</strong></span> <span class='ocrx_word' id='word_1_158' title='bbox 1021 2179 1236 2271; x_wconf 78' lang='grc' dir='ltr'><strong><em>δικαστήριον</em></strong></span> <span class='ocrx_word' id='word_1_159' title='bbox 1265 2181 1477 2264; x_wconf 67' lang='grc' dir='ltr'><strong><em>εἰσελθόντες</em></strong></span> 
     </span>
     <span class='ocr_line' id='line_1_18' title="bbox 190 2281 1225 2376; baseline -0.001 -24"><span class='ocrx_word' id='word_1_160' title='bbox 190 2285 231 2352; x_wconf 86' lang='grc' dir='ltr'><strong>τὰ</strong></span> <span class='ocrx_word' id='word_1_161' title='bbox 255 2285 450 2376; x_wconf 70' lang='grc' dir='ltr'><strong><em>πραχθέντα</em></strong></span> <span class='ocrx_word' id='word_1_162' title='bbox 472 2281 573 2374; x_wconf 83' lang='grc' dir='ltr'><strong><em>κύρια</em></strong></span> <span class='ocrx_word' id='word_1_163' title='bbox 603 2283 807 2374; x_wconf 84' lang='grc' dir='ltr'><strong><em>κατέστησαν</em></strong></span> <span class='ocrx_word' id='word_1_164' title='bbox 826 2299 878 2351; x_wconf 88' lang='lat' dir='ltr'><strong>iam</strong></span> <span class='ocrx_word' id='word_1_165' title='bbox 900 2316 979 2368; x_wconf 88' lang='lat' dir='ltr'><strong>supra</strong></span> <span class='ocrx_word' id='word_1_166' title='bbox 997 2301 1032 2369; x_wconf 88' lang='lat' dir='ltr'><strong>(p.</strong></span> <span class='ocrx_word' id='word_1_167' title='bbox 1055 2299 1097 2366; x_wconf 77' lang='grc'><strong>15)</strong></span> <span class='ocrx_word' id='word_1_168' title='bbox 1116 2298 1225 2365; x_wconf 80' lang='lat' dir='ltr'>egimus.</span> 
     </span>
    </p>
   </div>
   <div class='ocr_carea' id='block_1_7' title="bbox 192 2408 1476 2568">
    <p class='ocr_par' dir='ltr' id='par_1_7' title="bbox 192 2408 1476 2568">
     <span class='ocr_line' id='line_1_19' title="bbox 281 2408 1476 2479; baseline 0.002 -17"><span class='ocrx_word' id='word_1_169' title='bbox 281 2413 303 2476; x_wconf 80' lang='grc'><strong>3)</strong></span> <span class='ocrx_word' id='word_1_170' title='bbox 320 2408 507 2479; x_wconf 86' lang='lat' dir='ltr'><strong>Unusquisque</strong></span> <span class='ocrx_word' id='word_1_171' title='bbox 516 2409 580 2462; x_wconf 84' lang='lat' dir='ltr'><strong>eiris</strong></span> <span class='ocrx_word' id='word_1_172' title='bbox 590 2408 759 2461; x_wconf 79' lang='lat' dir='ltr'><strong>Atheniensis</strong></span> <span class='ocrx_word' id='word_1_173' title='bbox 774 2426 832 2462; x_wconf 91' lang='lat' dir='ltr'><strong>eum</strong></span> <span class='ocrx_word' id='word_1_174' title='bbox 850 2410 1034 2477; x_wconf 88' lang='lat' dir='ltr'><strong>magistratum</strong></span> <span class='ocrx_word' id='word_1_175' title='bbox 1048 2411 1162 2463; x_wconf 87' lang='lat' dir='ltr'><strong>muneris</strong></span> <span class='ocrx_word' id='word_1_176' title='bbox 1177 2411 1218 2464; x_wconf 93' lang='lat' dir='ltr'><strong>sui</strong></span> <span class='ocrx_word' id='word_1_177' title='bbox 1232 2411 1357 2464; x_wconf 86' lang='lat' dir='ltr'><strong>rationem</strong></span> <span class='ocrx_word' id='word_1_178' title='bbox 1369 2411 1476 2464; x_wconf 88' lang='lat' dir='ltr'><strong>redden-</strong></span> 
     </span>
     <span class='ocr_line' id='line_1_20' title="bbox 192 2497 1474 2568; baseline 0.001 -14"><span class='ocrx_word' id='word_1_179' title='bbox 192 2504 244 2554; x_wconf 85' lang='lat' dir='ltr'><strong>tem</strong></span> <span class='ocrx_word' id='word_1_180' title='bbox 263 2501 382 2553; x_wconf 88' lang='lat' dir='ltr'><strong>iueusare</strong></span> <span class='ocrx_word' id='word_1_181' title='bbox 390 2501 487 2568; x_wconf 89' lang='lat' dir='ltr'><strong>posset,</strong></span> <span class='ocrx_word' id='word_1_182' title='bbox 507 2498 529 2550; x_wconf 89' lang='lat' dir='ltr'><strong>si</strong></span> <span class='ocrx_word' id='word_1_183' title='bbox 543 2498 722 2568; x_wconf 87' lang='lat' dir='ltr'><strong>quidmunere</strong></span> <span class='ocrx_word' id='word_1_184' title='bbox 740 2497 853 2566; x_wconf 88' lang='lat' dir='ltr'><strong>fungens</strong></span> <span class='ocrx_word' id='word_1_185' title='bbox 862 2503 995 2567; x_wconf 86' lang='lat' dir='ltr'><strong>peeeasset</strong></span> <span class='ocrx_word' id='word_1_186' title='bbox 1013 2499 1056 2568; x_wconf 83' lang='lat' dir='ltr'><strong>(ef.</strong></span> <span class='ocrx_word' id='word_1_187' title='bbox 1071 2500 1186 2554; x_wconf 91' lang='lat' dir='ltr'><strong>Aeseh.</strong></span> <span class='ocrx_word' id='word_1_188' title='bbox 1205 2518 1226 2555; x_wconf 91' lang='lat' dir='ltr'><strong>e.</strong></span> <span class='ocrx_word' id='word_1_189' title='bbox 1245 2499 1328 2554; x_wconf 85' lang='lat' dir='ltr'><strong>Ctes.</strong></span> <span class='ocrx_word' id='word_1_190' title='bbox 1345 2518 1381 2554; x_wconf 89' lang='lat' dir='ltr'><strong>or.</strong></span> <span class='ocrx_word' id='word_1_191' title='bbox 1396 2503 1411 2568; x_wconf 62' lang='grc' dir='ltr'><strong>ξ</strong></span> <span class='ocrx_word' id='word_1_192' title='bbox 1428 2505 1474 2555; x_wconf 79' lang='lat'><strong>23:</strong></span> 
     </span>
    </p>
   </div>
   <div class='ocr_carea' id='block_1_8' title="bbox 192 2581 1477 2781">
    <p class='ocr_par' dir='ltr' id='par_1_8' title="bbox 192 2581 1477 2781">
     <span class='ocr_line' id='line_1_21' title="bbox 193 2581 1477 2676; baseline 0.001 -22"><span class='ocrx_word' id='word_1_193' title='bbox 193 2587 290 2676; x_wconf 75' lang='grc' dir='ltr'><strong><em>ἐχρῆν</em></strong></span> <span class='ocrx_word' id='word_1_194' title='bbox 304 2610 342 2652; x_wconf 89' lang='grc' dir='ltr'><strong>σε</strong></span> <span class='ocrx_word' id='word_1_195' title='bbox 357 2630 401 2636; x_wconf 94' lang='grc'><strong>-</strong></span> <span class='ocrx_word' id='word_1_196' title='bbox 415 2584 514 2651; x_wconf 79' lang='grc' dir='ltr'><strong><em>ἐᾶσαι</em></strong></span> <span class='ocrx_word' id='word_1_197' title='bbox 533 2582 591 2650; x_wconf 89' lang='grc' dir='ltr'><strong>τδν</strong></span> <span class='ocrx_word' id='word_1_198' title='bbox 609 2587 677 2649; x_wconf 72' lang='grc' dir='ltr'><strong><em>ταῖν</em></strong></span> <span class='ocrx_word' id='word_1_199' title='bbox 698 2586 861 2667; x_wconf 81' lang='grc' dir='ltr'><strong><em>λογιστῶν</em></strong></span> <span class='ocrx_word' id='word_1_200' title='bbox 881 2581 1008 2674; x_wconf 82' lang='grc' dir='ltr'><strong><em>κη’ρυκα</em></strong></span> <span class='ocrx_word' id='word_1_201' title='bbox 1028 2587 1169 2676; x_wconf 78' lang='grc' dir='ltr'><strong><em>κηρῦξαι</em></strong></span> <span class='ocrx_word' id='word_1_202' title='bbox 1192 2585 1230 2653; x_wconf 75' lang='lat' dir='ltr'><strong>ad</strong></span> <span class='ocrx_word' id='word_1_203' title='bbox 1253 2584 1397 2676; x_wconf 82' lang='grc' dir='ltr'><strong><em>πάτριον</em></strong></span> <span class='ocrx_word' id='word_1_204' title='bbox 1420 2589 1477 2655; x_wconf 82' lang='grc' dir='ltr'><strong><em>καὶ</em></strong></span> 
     </span>
     <span class='ocr_line' id='line_1_22' title="bbox 192 2684 1474 2781; baseline -0.001 -25"><span class='ocrx_word' id='word_1_205' title='bbox 192 2687 328 2776; x_wconf 77' lang='grc' dir='ltr'><strong><em>ἔννομον</em></strong></span> <span class='ocrx_word' id='word_1_206' title='bbox 342 2688 492 2781; x_wconf 81' lang='grc' dir='ltr'><strong><em>κήρυγμα</em></strong></span> <span class='ocrx_word' id='word_1_207' title='bbox 506 2691 621 2754; x_wconf 80' lang='grc' dir='ltr'><strong><em>τοῦτο·</em></strong></span> <span class='ocrx_word' id='word_1_208' title='bbox 644 2686 703 2765; x_wconf 84' lang='grc' dir='ltr'><strong>τίς</strong></span> <span class='ocrx_word' id='word_1_209' title='bbox 718 2684 915 2772; x_wconf 81' lang='grc' dir='ltr'><strong><em>βούλεται</em></strong></span> <span class='ocrx_word' id='word_1_210' title='bbox 930 2697 1213 2780; x_wconf 79' lang='grc' dir='ltr'><strong><em>κατηγορεῖν,·),</em></strong></span> <span class='ocrx_word' id='word_1_211' title='bbox 1233 2703 1301 2757; x_wconf 86' lang='lat' dir='ltr'><strong>hane</strong></span> <span class='ocrx_word' id='word_1_212' title='bbox 1319 2705 1350 2756; x_wconf 89' lang='lat' dir='ltr'><strong>eb</strong></span> <span class='ocrx_word' id='word_1_213' title='bbox 1370 2720 1474 2756; x_wconf 84' lang='lat' dir='ltr'><strong>eausam</strong></span> 
     </span>
    </p>
   </div>
   <div class='ocr_carea' id='block_1_9' title="bbox 189 2793 1476 3558">
    <p class='ocr_par' dir='ltr' id='par_1_9' title="bbox 189 2793 1476 3558">
     <span class='ocr_line' id='line_1_23' title="bbox 191 2793 1476 2875; baseline -0.002 -24"><span class='ocrx_word' id='word_1_214' title='bbox 191 2798 335 2866; x_wconf 76' lang='lat' dir='ltr'><strong>Polyaenus</strong></span> <span class='ocrx_word' id='word_1_215' title='bbox 354 2798 484 2861; x_wconf 76' lang='lat' dir='ltr'><strong>strategos</strong></span> <span class='ocrx_word' id='word_1_216' title='bbox 502 2794 632 2862; x_wconf 86' lang='lat' dir='ltr'><strong>euthynas</strong></span> <span class='ocrx_word' id='word_1_217' title='bbox 651 2793 751 2861; x_wconf 85' lang='lat' dir='ltr'><strong>fugisse</strong></span> <span class='ocrx_word' id='word_1_218' title='bbox 770 2796 855 2863; x_wconf 84' lang='lat' dir='ltr'><strong>putat,</strong></span> <span class='ocrx_word' id='word_1_219' title='bbox 882 2795 952 2864; x_wconf 91' lang='lat' dir='ltr'><strong>quod</strong></span> <span class='ocrx_word' id='word_1_220' title='bbox 971 2796 1131 2862; x_wconf 88' lang='lat' dir='ltr'><strong>timuissent,</strong></span> <span class='ocrx_word' id='word_1_221' title='bbox 1157 2815 1188 2850; x_wconf 92' lang='lat' dir='ltr'><strong>ne</strong></span> <span class='ocrx_word' id='word_1_222' title='bbox 1207 2800 1359 2867; x_wconf 87' lang='lat' dir='ltr'><strong>quereretur</strong></span> <span class='ocrx_word' id='word_1_223' title='bbox 1378 2795 1476 2875; x_wconf 13' lang='lat' dir='ltr'><strong>dedini-</strong></span> 
     </span>
     <span class='ocr_line' id='line_1_24' title="bbox 191 2878 1474 2966; baseline -0.002 -18"><span class='ocrx_word' id='word_1_224' title='bbox 191 2896 292 2966; x_wconf 86' lang='lat' dir='ltr'><strong>quitata</strong></span> <span class='ocrx_word' id='word_1_225' title='bbox 310 2911 407 2948; x_wconf 88' lang='lat' dir='ltr'><strong>eorum.</strong></span> <span class='ocrx_word' id='word_1_226' title='bbox 444 2892 563 2946; x_wconf 90' lang='lat' dir='ltr'><strong>Potuisse</strong></span> <span class='ocrx_word' id='word_1_227' title='bbox 582 2892 651 2945; x_wconf 89' lang='lat' dir='ltr'><strong>eninr</strong></span> <span class='ocrx_word' id='word_1_228' title='bbox 670 2893 842 2961; x_wconf 85' lang='lat' dir='ltr'><strong>magistratus</strong></span> <span class='ocrx_word' id='word_1_229' title='bbox 861 2893 964 2948; x_wconf 85' lang='lat' dir='ltr'><strong>differre</strong></span> <span class='ocrx_word' id='word_1_230' title='bbox 985 2878 1131 2961; x_wconf 66' lang='grc' dir='ltr'><strong><em>εὐθύνας</em></strong></span> <span class='ocrx_word' id='word_1_231' title='bbox 1148 2899 1222 2948; x_wconf 90' lang='lat' dir='ltr'><strong>trans</strong></span> <span class='ocrx_word' id='word_1_232' title='bbox 1241 2896 1309 2950; x_wconf 89' lang='lat' dir='ltr'><strong>diem</strong></span> <span class='ocrx_word' id='word_1_233' title='bbox 1326 2895 1474 2963; x_wconf 88' lang='lat' dir='ltr'><strong>legitimum</strong></span> 
     </span>
     <span class='ocr_line' id='line_1_25' title="bbox 191 2985 1476 3054; baseline -0.001 -14"><span class='ocrx_word' id='word_1_234' title='bbox 191 2988 266 3040; x_wconf 85' lang='lat' dir='ltr'><strong>deeet</strong></span> <span class='ocrx_word' id='word_1_235' title='bbox 284 2985 422 3040; x_wconf 85' lang='lat' dir='ltr'><strong>Aesehinis</strong></span> <span class='ocrx_word' id='word_1_236' title='bbox 442 2986 508 3038; x_wconf 91' lang='lat' dir='ltr'><strong>illud</strong></span> <span class='ocrx_word' id='word_1_237' title='bbox 527 2985 680 3054; x_wconf 80' lang='lat' dir='ltr'><strong>exemplum,</strong></span> <span class='ocrx_word' id='word_1_238' title='bbox 699 2986 840 3054; x_wconf 90' lang='lat' dir='ltr'><strong>quitribus</strong></span> <span class='ocrx_word' id='word_1_239' title='bbox 859 2989 935 3041; x_wconf 91' lang='lat' dir='ltr'><strong>annis</strong></span> <span class='ocrx_word' id='word_1_240' title='bbox 945 2989 1091 3043; x_wconf 78' lang='lat' dir='ltr'><strong>interiectis</strong></span> <span class='ocrx_word' id='word_1_241' title='bbox 1100 2989 1227 3042; x_wconf 87' lang='lat' dir='ltr'><strong>rationem</strong></span> <span class='ocrx_word' id='word_1_242' title='bbox 1238 2989 1341 3041; x_wconf 88' lang='lat' dir='ltr'><strong>demum</strong></span> <span class='ocrx_word' id='word_1_243' title='bbox 1361 2987 1476 3040; x_wconf 88' lang='lat' dir='ltr'><strong>reddidit</strong></span> 
     </span>
     <span class='ocr_line' id='line_1_26' title="bbox 189 3069 1476 3165; baseline -0.002 -27"><span class='ocrx_word' id='word_1_244' title='bbox 189 3085 233 3154; x_wconf 85' lang='lat' dir='ltr'><strong>(ef.</strong></span> <span class='ocrx_word' id='word_1_245' title='bbox 260 3086 334 3139; x_wconf 88' lang='lat' dir='ltr'><strong>Dem.</strong></span> <span class='ocrx_word' id='word_1_246' title='bbox 363 3085 388 3139; x_wconf 91' lang='lat' dir='ltr'><strong>d.</strong></span> <span class='ocrx_word' id='word_1_247' title='bbox 412 3085 430 3139; x_wconf 83' lang='lat' dir='ltr'><strong>f.</strong></span> <span class='ocrx_word' id='word_1_248' title='bbox 453 3084 470 3138; x_wconf 90' lang='lat' dir='ltr'><strong>l.</strong></span> <span class='ocrx_word' id='word_1_249' title='bbox 500 3088 564 3138; x_wconf 83' lang='lat'>103:</span> <span class='ocrx_word' id='word_1_250' title='bbox 593 3076 649 3137; x_wconf 83' lang='grc' dir='ltr'><strong>νῦν</strong></span> <span class='ocrx_word' id='word_1_251' title='bbox 678 3070 734 3137; x_wconf 78' lang='grc' dir='ltr'><strong>διὰ</strong></span> <span class='ocrx_word' id='word_1_252' title='bbox 763 3070 823 3162; x_wconf 75' lang='grc' dir='ltr'><strong><em>τὴν</em></strong></span> <span class='ocrx_word' id='word_1_253' title='bbox 855 3069 1016 3162; x_wconf 80' lang='grc' dir='ltr'><strong><em>ὑμετέραν</em></strong></span> <span class='ocrx_word' id='word_1_254' title='bbox 1038 3071 1213 3165; x_wconf 79' lang='grc' dir='ltr'><strong><em>πρᾳότητα</em></strong></span> <span class='ocrx_word' id='word_1_255' title='bbox 1234 3075 1290 3141; x_wconf 82' lang='grc' dir='ltr'><strong><em>καὶ</em></strong></span> <span class='ocrx_word' id='word_1_256' title='bbox 1314 3069 1476 3162; x_wconf 75' lang='grc' dir='ltr'><strong><em>εὐήθειαν</em></strong></span> 
     </span>
     <span class='ocr_line' id='line_1_27' title="bbox 192 3170 1474 3266; baseline -0.003 -24"><span class='ocrx_word' id='word_1_257' title='bbox 192 3171 338 3254; x_wconf 76' lang='grc' dir='ltr'><strong><em>εὐθύνας</em></strong></span> <span class='ocrx_word' id='word_1_258' title='bbox 359 3173 479 3241; x_wconf 86' lang='grc' dir='ltr'><strong><em>δίδωσι</em></strong></span> <span class='ocrx_word' id='word_1_259' title='bbox 500 3174 557 3241; x_wconf 77' lang='grc' dir='ltr'><strong><em>καὶ</em></strong></span> <span class='ocrx_word' id='word_1_260' title='bbox 579 3170 703 3252; x_wconf 78' lang='grc' dir='ltr'><strong><em>ταύτας</em></strong></span> <span class='ocrx_word' id='word_1_261' title='bbox 724 3171 870 3266; x_wconf 77' lang='grc' dir='ltr'><strong><em>ὁπηνίκα</em></strong></span> <span class='ocrx_word' id='word_1_262' title='bbox 893 3175 1053 3262; x_wconf 70' lang='grc' dir='ltr'><strong><em>βούλεται</em></strong></span> <span class='ocrx_word' id='word_1_263' title='bbox 1076 3194 1105 3244; x_wconf 84' lang='lat' dir='ltr'><strong>et</strong></span> <span class='ocrx_word' id='word_1_264' title='bbox 1122 3191 1157 3244; x_wconf 91' lang='lat' dir='ltr'><strong>ib.</strong></span> <span class='ocrx_word' id='word_1_265' title='bbox 1178 3191 1254 3255; x_wconf 81' lang='lat' dir='ltr'><strong>arl);</strong></span> <span class='ocrx_word' id='word_1_266' title='bbox 1282 3204 1376 3256; x_wconf 86' lang='lat' dir='ltr'><strong>easque</strong></span> <span class='ocrx_word' id='word_1_267' title='bbox 1394 3187 1474 3240; x_wconf 85' lang='lat' dir='ltr'><strong>etiam</strong></span> 
     </span>
     <span class='ocr_line' id='line_1_28' title="bbox 190 3276 1475 3361; baseline -0.002 -17"><span class='ocrx_word' id='word_1_268' title='bbox 190 3291 294 3344; x_wconf 91' lang='lat' dir='ltr'><strong>omnine</strong></span> <span class='ocrx_word' id='word_1_269' title='bbox 312 3291 410 3344; x_wconf 84' lang='lat' dir='ltr'><strong>vitatas</strong></span> <span class='ocrx_word' id='word_1_270' title='bbox 428 3307 484 3344; x_wconf 89' lang='lat' dir='ltr'><strong>esse</strong></span> <span class='ocrx_word' id='word_1_271' title='bbox 502 3289 587 3343; x_wconf 88' lang='lat' dir='ltr'><strong>elucet</strong></span> <span class='ocrx_word' id='word_1_272' title='bbox 612 3307 642 3342; x_wconf 84' lang='lat' dir='ltr'><strong>ex</strong></span> <span class='ocrx_word' id='word_1_273' title='bbox 667 3290 726 3359; x_wconf 90' lang='lat' dir='ltr'><strong>Lys.</strong></span> <span class='ocrx_word' id='word_1_274' title='bbox 747 3292 829 3359; x_wconf 89' lang='lat' dir='ltr'>XXV,</span> <span class='ocrx_word' id='word_1_275' title='bbox 849 3297 891 3360; x_wconf 88' lang='lat'><strong>30,</strong></span> <span class='ocrx_word' id='word_1_276' title='bbox 917 3294 962 3346; x_wconf 89' lang='lat' dir='ltr'><strong>ubi</strong></span> <span class='ocrx_word' id='word_1_277' title='bbox 987 3293 1100 3361; x_wconf 88' lang='lat' dir='ltr'><strong>legimus</strong></span> <span class='ocrx_word' id='word_1_278' title='bbox 1118 3293 1195 3348; x_wconf 86' lang='lat' dir='ltr'><strong>haec:</strong></span> <span class='ocrx_word' id='word_1_279' title='bbox 1225 3277 1258 3346; x_wconf 80' lang='lat' dir='ltr'><strong>ut</strong></span> <span class='ocrx_word' id='word_1_280' title='bbox 1280 3323 1325 3330; x_wconf 83' lang='lat'><strong>-</strong></span> <span class='ocrx_word' id='word_1_281' title='bbox 1345 3276 1475 3355; x_wconf 84' lang='grc' dir='ltr'><strong><em>πολλὰς</em></strong></span> 
     </span>
     <span class='ocr_line' id='line_1_29' title="bbox 190 3373 1474 3471; baseline -0.002 -25"><span class='ocrx_word' id='word_1_282' title='bbox 190 3375 292 3467; x_wconf 82' lang='grc' dir='ltr'><strong><em>ἆρχδς</em></strong></span> <span class='ocrx_word' id='word_1_283' title='bbox 321 3373 475 3468; x_wconf 63' lang='grc' dir='ltr'><strong><em>ἄρχοντες</em></strong></span> <span class='ocrx_word' id='word_1_284' title='bbox 501 3374 663 3463; x_wconf 73' lang='grc' dir='ltr'><strong><em>οὐδεμιᾶς</em></strong></span> <span class='ocrx_word' id='word_1_285' title='bbox 694 3375 838 3471; x_wconf 76' lang='grc' dir='ltr'><strong><em>εὗθδνην</em></strong></span> <span class='ocrx_word' id='word_1_286' title='bbox 862 3380 1026 3450; x_wconf 78' lang='grc' dir='ltr'><strong><em>διδέασιν.</em></strong></span> <span class='ocrx_word' id='word_1_287' title='bbox 1068 3397 1158 3471; x_wconf 38' lang='lat' dir='ltr'><strong>Quare,</strong></span> <span class='ocrx_word' id='word_1_288' title='bbox 1177 3396 1345 3465; x_wconf 87' lang='lat' dir='ltr'><strong>imperatores</strong></span> <span class='ocrx_word' id='word_1_289' title='bbox 1372 3410 1474 3464; x_wconf 91' lang='lat' dir='ltr'><strong>queque</strong></span> 
     </span>
     <span class='ocr_line' id='line_1_30' title="bbox 190 3484 1473 3558; baseline -0.003 -18"><span class='ocrx_word' id='word_1_290' title='bbox 190 3487 307 3540; x_wconf 90' lang='lat' dir='ltr'><strong>eonsulte</strong></span> <span class='ocrx_word' id='word_1_291' title='bbox 327 3487 454 3540; x_wconf 87' lang='lat' dir='ltr'><strong>rationem</strong></span> <span class='ocrx_word' id='word_1_292' title='bbox 473 3488 596 3554; x_wconf 86' lang='lat' dir='ltr'><strong>effugisse</strong></span> <span class='ocrx_word' id='word_1_293' title='bbox 615 3488 668 3540; x_wconf 83' lang='lat' dir='ltr'><strong>veri</strong></span> <span class='ocrx_word' id='word_1_294' title='bbox 682 3505 738 3542; x_wconf 73' lang='lat' dir='ltr'><strong>‚nen</strong></span> <span class='ocrx_word' id='word_1_295' title='bbox 757 3489 884 3544; x_wconf 90' lang='lat' dir='ltr'><strong>dissimile</strong></span> <span class='ocrx_word' id='word_1_296' title='bbox 902 3493 950 3544; x_wconf 90' lang='lat' dir='ltr'><strong>est.</strong></span> <span class='ocrx_word' id='word_1_297' title='bbox 988 3489 1079 3558; x_wconf 90' lang='lat' dir='ltr'><strong>Neque</strong></span> <span class='ocrx_word' id='word_1_298' title='bbox 1097 3491 1185 3540; x_wconf 87' lang='lat' dir='ltr'><strong>tamen</strong></span> <span class='ocrx_word' id='word_1_299' title='bbox 1204 3485 1332 3538; x_wconf 86' lang='lat' dir='ltr'><strong>assentior</strong></span> <span class='ocrx_word' id='word_1_300' title='bbox 1354 3484 1399 3550; x_wconf 87' lang='lat' dir='ltr'><strong>eis,</strong></span> <span class='ocrx_word' id='word_1_301' title='bbox 1427 3484 1473 3553; x_wconf 87' lang='lat' dir='ltr'><strong>qui</strong></span> 
     </span>
    </p>
   </div>
   <div class='ocr_carea' id='block_1_10' title="bbox 189 3568 1474 3925">
    <p class='ocr_par' dir='ltr' id='par_1_10' title="bbox 189 3568 1474 3925">
     <span class='ocr_line' id='line_1_31' title="bbox 191 3568 1473 3660; baseline -0.003 -22"><span class='ocrx_word' id='word_1_302' title='bbox 191 3588 252 3655; x_wconf 86' lang='lat' dir='ltr'><strong>post</strong></span> <span class='ocrx_word' id='word_1_303' title='bbox 269 3586 423 3639; x_wconf 81' lang='lat' dir='ltr'><strong>vocabulum</strong></span> <span class='ocrx_word' id='word_1_304' title='bbox 448 3568 593 3654; x_wconf 75' lang='grc' dir='ltr'><strong><em>ὑπέσχον</em></strong></span> <span class='ocrx_word' id='word_1_305' title='bbox 616 3586 765 3653; x_wconf 86' lang='lat' dir='ltr'><strong>genetivum</strong></span> <span class='ocrx_word' id='word_1_306' title='bbox 789 3589 918 3653; x_wconf 85' lang='lat' dir='ltr'><strong>quendum</strong></span> <span class='ocrx_word' id='word_1_307' title='bbox 942 3591 974 3640; x_wconf 92' lang='lat' dir='ltr'><strong>ut</strong></span> <span class='ocrx_word' id='word_1_308' title='bbox 997 3570 1123 3641; x_wconf 77' lang='grc' dir='ltr'><strong><em>τούτων</em></strong></span> <span class='ocrx_word' id='word_1_309' title='bbox 1149 3575 1198 3656; x_wconf 86' lang='lat'><strong>(=</strong></span> <span class='ocrx_word' id='word_1_310' title='bbox 1218 3575 1276 3660; x_wconf 79' lang='grc' dir='ltr'><strong>τῆς</strong></span> <span class='ocrx_word' id='word_1_311' title='bbox 1300 3571 1473 3659; x_wconf 75' lang='grc' dir='ltr'><strong><em>ἐπιβολῆς,</em></strong></span> 
     </span>
     <span class='ocr_line' id='line_1_32' title="bbox 195 3676 1474 3751; baseline -0.003 -20"><span class='ocrx_word' id='word_1_312' title='bbox 195 3678 227 3732; x_wconf 89' lang='lat' dir='ltr'><strong>ef.</strong></span> <span class='ocrx_word' id='word_1_313' title='bbox 248 3678 361 3732; x_wconf 74' lang='lat' dir='ltr'><strong>Scheibii</strong></span> <span class='ocrx_word' id='word_1_314' title='bbox 380 3679 419 3731; x_wconf 83' lang='lat' dir='ltr'><strong>ed.</strong></span> <span class='ocrx_word' id='word_1_315' title='bbox 439 3678 519 3748; x_wconf 87' lang='lat' dir='ltr'><strong>praef.</strong></span> <span class='ocrx_word' id='word_1_316' title='bbox 539 3697 563 3748; x_wconf 89' lang='lat' dir='ltr'><strong>p.</strong></span> <span class='ocrx_word' id='word_1_317' title='bbox 583 3678 683 3745; x_wconf 89' lang='lat' dir='ltr'><strong>XXlll)</strong></span> <span class='ocrx_word' id='word_1_318' title='bbox 703 3683 750 3732; x_wconf 88' lang='lat' dir='ltr'><strong>aut</strong></span> <span class='ocrx_word' id='word_1_319' title='bbox 768 3682 941 3751; x_wconf 82' lang='lat' dir='ltr'><strong>supplendum</strong></span> <span class='ocrx_word' id='word_1_320' title='bbox 960 3685 1007 3733; x_wconf 86' lang='lat' dir='ltr'><strong>aut</strong></span> <span class='ocrx_word' id='word_1_321' title='bbox 1025 3679 1225 3748; x_wconf 84' lang='lat' dir='ltr'><strong>intelligendum</strong></span> <span class='ocrx_word' id='word_1_322' title='bbox 1244 3694 1300 3730; x_wconf 93' lang='lat' dir='ltr'><strong>esse</strong></span> <span class='ocrx_word' id='word_1_323' title='bbox 1319 3676 1415 3742; x_wconf 85' lang='lat' dir='ltr'><strong>dieunt,</strong></span> <span class='ocrx_word' id='word_1_324' title='bbox 1435 3676 1474 3728; x_wconf 87' lang='lat' dir='ltr'><strong>ita</strong></span> 
     </span>
     <span class='ocr_line' id='line_1_33' title="bbox 191 3766 1473 3840; baseline -0.002 -20"><span class='ocrx_word' id='word_1_325' title='bbox 191 3771 221 3820; x_wconf 90' lang='lat' dir='ltr'><strong>ut</strong></span> <span class='ocrx_word' id='word_1_326' title='bbox 239 3770 368 3834; x_wconf 86' lang='lat' dir='ltr'><strong>strategos</strong></span> <span class='ocrx_word' id='word_1_327' title='bbox 393 3786 445 3820; x_wconf 93' lang='lat' dir='ltr'><strong>nen</strong></span> <span class='ocrx_word' id='word_1_328' title='bbox 471 3768 575 3822; x_wconf 92' lang='lat' dir='ltr'><strong>erunine</strong></span> <span class='ocrx_word' id='word_1_329' title='bbox 599 3767 698 3820; x_wconf 90' lang='lat' dir='ltr'><strong>nullam</strong></span> <span class='ocrx_word' id='word_1_330' title='bbox 718 3770 798 3822; x_wconf 93' lang='lat' dir='ltr'><strong>-id</strong></span> <span class='ocrx_word' id='word_1_331' title='bbox 823 3771 892 3840; x_wconf 91' lang='lat' dir='ltr'><strong>qued</strong></span> <span class='ocrx_word' id='word_1_332' title='bbox 917 3771 974 3823; x_wconf 89' lang='lat' dir='ltr'><strong>fieri</strong></span> <span class='ocrx_word' id='word_1_333' title='bbox 998 3786 1044 3840; x_wconf 88' lang='lat' dir='ltr'><strong>per</strong></span> <span class='ocrx_word' id='word_1_334' title='bbox 1068 3771 1138 3838; x_wconf 88' lang='lat' dir='ltr'><strong>leges</strong></span> <span class='ocrx_word' id='word_1_335' title='bbox 1161 3785 1213 3820; x_wconf 91' lang='lat' dir='ltr'><strong>non</strong></span> <span class='ocrx_word' id='word_1_336' title='bbox 1236 3766 1351 3836; x_wconf 81' lang='lat' dir='ltr'><strong>potuisse</strong></span> <span class='ocrx_word' id='word_1_337' title='bbox 1375 3766 1473 3818; x_wconf 84' lang='lat' dir='ltr'><strong>-sod</strong></span> 
     </span>
     <span class='ocr_line' id='line_1_34' title="bbox 189 3856 1473 3925; baseline -0.002 -17"><span class='ocrx_word' id='word_1_338' title='bbox 189 3856 261 3909; x_wconf 91' lang='lat' dir='ltr'><strong>illius</strong></span> <span class='ocrx_word' id='word_1_339' title='bbox 279 3858 377 3910; x_wconf 87' lang='lat' dir='ltr'><strong>multae</strong></span> <span class='ocrx_word' id='word_1_340' title='bbox 395 3857 523 3909; x_wconf 88' lang='lat' dir='ltr'><strong>rationem</strong></span> <span class='ocrx_word' id='word_1_341' title='bbox 542 3856 648 3910; x_wconf 89' lang='lat' dir='ltr'><strong>reddere</strong></span> <span class='ocrx_word' id='word_1_342' title='bbox 666 3857 811 3925; x_wconf 88' lang='lat' dir='ltr'><strong>neglexisse</strong></span> <span class='ocrx_word' id='word_1_343' title='bbox 830 3860 993 3914; x_wconf 85' lang='lat' dir='ltr'><strong>existenreut.</strong></span> <span class='ocrx_word' id='word_1_344' title='bbox 1030 3859 1099 3912; x_wconf 90' lang='lat' dir='ltr'><strong>Nam</strong></span> <span class='ocrx_word' id='word_1_345' title='bbox 1123 3861 1151 3911; x_wconf 90' lang='lat' dir='ltr'><strong>et</strong></span> <span class='ocrx_word' id='word_1_346' title='bbox 1172 3857 1283 3911; x_wconf 85' lang='lat' dir='ltr'><strong>evitasse</strong></span> <span class='ocrx_word' id='word_1_347' title='bbox 1301 3856 1473 3922; x_wconf 87' lang='lat' dir='ltr'><strong>magistratus</strong></span> 
     </span>
    </p>
   </div>
   <div class='ocr_carea' id='block_1_11' title="bbox 189 3943 1473 4114">
    <p class='ocr_par' dir='ltr' id='par_1_11' title="bbox 189 3943 1473 4114">
     <span class='ocr_line' id='line_1_35' title="bbox 189 3943 1473 4032; baseline -0.003 -24"><span class='ocrx_word' id='word_1_348' title='bbox 189 3956 319 4024; x_wconf 90' lang='lat' dir='ltr'><strong>euthynas</strong></span> <span class='ocrx_word' id='word_1_349' title='bbox 338 3954 451 4007; x_wconf 83' lang='lat' dir='ltr'><strong>vidimus</strong></span> <span class='ocrx_word' id='word_1_350' title='bbox 470 3959 497 4009; x_wconf 90' lang='lat' dir='ltr'><strong>et</strong></span> <span class='ocrx_word' id='word_1_351' title='bbox 515 3955 618 4009; x_wconf 90' lang='lat' dir='ltr'><strong>etiamsi</strong></span> <span class='ocrx_word' id='word_1_352' title='bbox 642 3956 674 4009; x_wconf 91' lang='lat' dir='ltr'><strong>de</strong></span> <span class='ocrx_word' id='word_1_353' title='bbox 696 3943 842 4032; x_wconf 74' lang='grc' dir='ltr'><strong><em>ἐπιβολῇ</em></strong></span> <span class='ocrx_word' id='word_1_354' title='bbox 863 3957 976 4025; x_wconf 87' lang='lat' dir='ltr'><strong>strategi</strong></span> <span class='ocrx_word' id='word_1_355' title='bbox 994 3960 1079 4011; x_wconf 89' lang='lat' dir='ltr'><strong>taeere</strong></span> <span class='ocrx_word' id='word_1_356' title='bbox 1098 3956 1241 4009; x_wconf 87' lang='lat' dir='ltr'><strong>veluissent</strong></span> <span class='ocrx_word' id='word_1_357' title='bbox 1258 3953 1385 4006; x_wconf 86' lang='lat' dir='ltr'><strong>rationem</strong></span> <span class='ocrx_word' id='word_1_358' title='bbox 1399 3953 1473 4005; x_wconf 90' lang='lat' dir='ltr'><strong>sube-</strong></span> 
     </span>
     <span class='ocr_line' id='line_1_36' title="bbox 192 4046 1473 4114; baseline -0.003 -12"><span class='ocrx_word' id='word_1_359' title='bbox 192 4052 277 4114; x_wconf 89' lang='lat' dir='ltr'><strong>untes,</strong></span> <span class='ocrx_word' id='word_1_360' title='bbox 306 4048 337 4100; x_wconf 91' lang='lat' dir='ltr'><strong>de</strong></span> <span class='ocrx_word' id='word_1_361' title='bbox 365 4048 414 4100; x_wconf 85' lang='lat' dir='ltr'><strong>hae</strong></span> <span class='ocrx_word' id='word_1_362' title='bbox 441 4066 483 4101; x_wconf 89' lang='lat' dir='ltr'><strong>eos</strong></span> <span class='ocrx_word' id='word_1_363' title='bbox 512 4049 692 4104; x_wconf 90' lang='lat' dir='ltr'><strong>ineusaturum</strong></span> <span class='ocrx_word' id='word_1_364' title='bbox 715 4051 798 4105; x_wconf 88' lang='lat' dir='ltr'><strong>fuisse</strong></span> <span class='ocrx_word' id='word_1_365' title='bbox 825 4051 935 4104; x_wconf 91' lang='lat' dir='ltr'><strong>militem</strong></span> <span class='ocrx_word' id='word_1_366' title='bbox 964 4054 1165 4105; x_wconf 88' lang='lat' dir='ltr'><strong>consentaneum</strong></span> <span class='ocrx_word' id='word_1_367' title='bbox 1190 4052 1238 4103; x_wconf 87' lang='lat' dir='ltr'><strong>est.</strong></span> <span class='ocrx_word' id='word_1_368' title='bbox 1276 4047 1336 4101; x_wconf 84' lang='lat' dir='ltr'><strong>Sine</strong></span> <span class='ocrx_word' id='word_1_369' title='bbox 1354 4046 1473 4113; x_wconf 81' lang='lat' dir='ltr'><strong>genetivo</strong></span> 
     </span>
    </p>
   </div>
   <div class='ocr_carea' id='block_1_12' title="bbox 189 4128 1471 4632">
    <p class='ocr_par' dir='ltr' id='par_1_12' title="bbox 189 4128 1471 4306">
     <span class='ocr_line' id='line_1_37' title="bbox 189 4128 1471 4220; baseline -0.002 -22"><span class='ocrx_word' id='word_1_370' title='bbox 189 4149 323 4216; x_wconf 88' lang='lat' dir='ltr'><strong>praeterea</strong></span> <span class='ocrx_word' id='word_1_371' title='bbox 351 4128 500 4201; x_wconf 80' lang='grc' dir='ltr'><strong><em>εδθσνιῦν</em></strong></span> <span class='ocrx_word' id='word_1_372' title='bbox 522 4166 608 4202; x_wconf 83' lang='lat' dir='ltr'><strong>voeem</strong></span> <span class='ocrx_word' id='word_1_373' title='bbox 626 4150 778 4220; x_wconf 86' lang='lat' dir='ltr'><strong>plerumque</strong></span> <span class='ocrx_word' id='word_1_374' title='bbox 797 4150 907 4203; x_wconf 83' lang='lat' dir='ltr'><strong>inveniri</strong></span> <span class='ocrx_word' id='word_1_375' title='bbox 927 4151 1107 4203; x_wconf 88' lang='lat' dir='ltr'><strong>demonstrant</strong></span> <span class='ocrx_word' id='word_1_376' title='bbox 1125 4149 1153 4201; x_wconf 93' lang='lat' dir='ltr'><strong>hi</strong></span> <span class='ocrx_word' id='word_1_377' title='bbox 1171 4147 1234 4201; x_wconf 90' lang='lat' dir='ltr'><strong>loei:</strong></span> <span class='ocrx_word' id='word_1_378' title='bbox 1254 4147 1312 4215; x_wconf 87' lang='lat' dir='ltr'><strong>Lys.</strong></span> <span class='ocrx_word' id='word_1_379' title='bbox 1330 4163 1351 4198; x_wconf 90' lang='lat' dir='ltr'><strong>e.</strong></span> <span class='ocrx_word' id='word_1_380' title='bbox 1362 4144 1423 4212; x_wconf 84' lang='lat' dir='ltr'><strong>Erg.</strong></span> <span class='ocrx_word' id='word_1_381' title='bbox 1445 4151 1471 4210; x_wconf 80' lang='lat'><strong>5;</strong></span> 
     </span>
     <span class='ocr_line' id='line_1_38' title="bbox 190 4239 735 4306; baseline 0.009 -14"><span class='ocrx_word' id='word_1_382' title='bbox 190 4256 213 4294; x_wconf 83' lang='lat' dir='ltr'><strong>e.</strong></span> <span class='ocrx_word' id='word_1_383' title='bbox 234 4239 289 4293; x_wconf 90' lang='lat' dir='ltr'><strong>Ale.</strong></span> <span class='ocrx_word' id='word_1_384' title='bbox 308 4239 330 4306; x_wconf 73' lang='grc' dir='ltr'><strong>Ι,</strong></span> <span class='ocrx_word' id='word_1_385' title='bbox 349 4245 396 4306; x_wconf 80' lang='grc'><strong>38;</strong></span> <span class='ocrx_word' id='word_1_386' title='bbox 417 4242 491 4294; x_wconf 91' lang='lat' dir='ltr'><strong>Dem.</strong></span> <span class='ocrx_word' id='word_1_387' title='bbox 512 4242 536 4295; x_wconf 91' lang='lat' dir='ltr'><strong>d.</strong></span> <span class='ocrx_word' id='word_1_388' title='bbox 556 4241 574 4296; x_wconf 86' lang='lat' dir='ltr'><strong>f.</strong></span> <span class='ocrx_word' id='word_1_389' title='bbox 594 4242 611 4296; x_wconf 90' lang='lat' dir='ltr'><strong>l.</strong></span> <span class='ocrx_word' id='word_1_390' title='bbox 631 4247 681 4297; x_wconf 78' lang='lat'><strong>211</strong></span> <span class='ocrx_word' id='word_1_391' title='bbox 702 4244 735 4297; x_wconf 90' lang='lat' dir='ltr'><strong>al.</strong></span> 
     </span>
    </p>

    <p class='ocr_par' dir='ltr' id='par_1_13' title="bbox 189 4351 1471 4632">
     <span class='ocr_line' id='line_1_39' title="bbox 280 4351 1471 4424; baseline -0.002 -21"><span class='ocrx_word' id='word_1_392' title='bbox 280 4351 300 4418; x_wconf 70' lang='lat' dir='ltr'><strong>l)</strong></span> <span class='ocrx_word' id='word_1_393' title='bbox 318 4352 453 4419; x_wconf 83' lang='lat' dir='ltr'><strong>Polyaeno,</strong></span> <span class='ocrx_word' id='word_1_394' title='bbox 473 4352 496 4404; x_wconf 93' lang='lat' dir='ltr'><strong>si</strong></span> <span class='ocrx_word' id='word_1_395' title='bbox 513 4353 589 4406; x_wconf 92' lang='lat' dir='ltr'><strong>litem</strong></span> <span class='ocrx_word' id='word_1_396' title='bbox 608 4354 704 4421; x_wconf 88' lang='lat' dir='ltr'><strong>amisit,</strong></span> <span class='ocrx_word' id='word_1_397' title='bbox 723 4355 998 4424; x_wconf 80' lang='lat' dir='ltr'><strong>exspectandumerat,</strong></span> <span class='ocrx_word' id='word_1_398' title='bbox 1018 4358 1049 4407; x_wconf 93' lang='lat' dir='ltr'><strong>ut</strong></span> <span class='ocrx_word' id='word_1_399' title='bbox 1066 4357 1212 4422; x_wconf 85' lang='lat' dir='ltr'><strong>tantapars</strong></span> <span class='ocrx_word' id='word_1_400' title='bbox 1230 4351 1471 4404; x_wconf 90' lang='lat' dir='ltr'><strong>bonorumsuerum</strong></span> 
     </span>
     <span class='ocr_line' id='line_1_40' title="bbox 189 4437 1470 4530; baseline -0.002 -28"><span class='ocrx_word' id='word_1_401' title='bbox 189 4450 375 4521; x_wconf 77' lang='lat' dir='ltr'><strong>publicaretur,</strong></span> <span class='ocrx_word' id='word_1_402' title='bbox 394 4453 493 4519; x_wconf 86' lang='lat' dir='ltr'><strong>quanta</strong></span> <span class='ocrx_word' id='word_1_403' title='bbox 512 4437 656 4530; x_wconf 77' lang='grc' dir='ltr'><strong><em>έπιβολή</em></strong></span> <span class='ocrx_word' id='word_1_404' title='bbox 679 4454 813 4523; x_wconf 80' lang='lat' dir='ltr'><strong>duplicata</strong></span> <span class='ocrx_word' id='word_1_405' title='bbox 830 4454 875 4521; x_wconf 89' lang='lat' dir='ltr'><strong>(ef.</strong></span> <span class='ocrx_word' id='word_1_406' title='bbox 895 4454 993 4507; x_wconf 89' lang='lat' dir='ltr'><strong>Andoe.</strong></span> <span class='ocrx_word' id='word_1_407' title='bbox 1013 4453 1044 4506; x_wconf 91' lang='lat' dir='ltr'><strong>de</strong></span> <span class='ocrx_word' id='word_1_408' title='bbox 1063 4455 1140 4521; x_wconf 89' lang='lat' dir='ltr'><strong>myst.</strong></span> <span class='ocrx_word' id='word_1_409' title='bbox 1160 4453 1235 4519; x_wconf 72' lang='lat' dir='ltr'><strong>§73t</strong></span> <span class='ocrx_word' id='word_1_410' title='bbox 1253 4450 1470 4518; x_wconf 83' lang='lat' dir='ltr'><strong>compensaretur.</strong></span> 
     </span>
     <span class='ocr_line' id='line_1_41' title="bbox 189 4539 1471 4632; baseline -0.001 -26"><span class='ocrx_word' id='word_1_411' title='bbox 189 4554 327 4606; x_wconf 88' lang='lat' dir='ltr'><strong>Praeterea</strong></span> <span class='ocrx_word' id='word_1_412' title='bbox 345 4570 503 4622; x_wconf 86' lang='lat' dir='ltr'><strong>quamquam</strong></span> <span class='ocrx_word' id='word_1_413' title='bbox 522 4573 552 4607; x_wconf 85' lang='lat' dir='ltr'><strong>ex</strong></span> <span class='ocrx_word' id='word_1_414' title='bbox 571 4556 642 4609; x_wconf 89' lang='lat' dir='ltr'><strong>hisee</strong></span> <span class='ocrx_word' id='word_1_415' title='bbox 661 4559 718 4624; x_wconf 68' lang='lat' dir='ltr'><strong>§Pl</strong></span> <span class='ocrx_word' id='word_1_416' title='bbox 740 4557 838 4610; x_wconf 85' lang='lat' dir='ltr'><strong>verbis:</strong></span> <span class='ocrx_word' id='word_1_417' title='bbox 857 4542 922 4610; x_wconf 85' lang='grc' dir='ltr'><strong><em>τίνι</em></strong></span> <span class='ocrx_word' id='word_1_418' title='bbox 941 4543 1004 4632; x_wconf 77' lang='grc' dir='ltr'><strong>γὰρ</strong></span> <span class='ocrx_word' id='word_1_419' title='bbox 1020 4541 1213 4631; x_wconf 68' lang='grc' dir='ltr'><strong><em>ἐπαρθέντα</em></strong></span> <span class='ocrx_word' id='word_1_420' title='bbox 1232 4539 1347 4608; x_wconf 74' lang='grc' dir='ltr'><strong><em>ἑλπίδι</em></strong></span> <span class='ocrx_word' id='word_1_421' title='bbox 1368 4541 1420 4606; x_wconf 81' lang='grc' dir='ltr'><strong><em>δεῖ</em></strong></span> <span class='ocrx_word' id='word_1_422' title='bbox 1429 4565 1471 4623; x_wconf 85' lang='grc' dir='ltr'><strong>με</strong></span> 
     </span>
    </p>
   </div>
   <div class='ocr_carea' id='block_1_13' title="bbox 190 4639 1471 4728">
    <p class='ocr_par' dir='ltr' id='par_1_14' title="bbox 190 4639 1471 4728">
     <span class='ocr_line' id='line_1_42' title="bbox 190 4639 1471 4728; baseline -0.002 -20"><span class='ocrx_word' id='word_1_423' title='bbox 190 4639 564 4722; x_wconf 60' lang='grc' dir='ltr'><strong><em>συμπολιτεύεσθαι</em></strong></span> <span class='ocrx_word' id='word_1_424' title='bbox 588 4659 707 4711; x_wconf 81' lang='lat' dir='ltr'><strong>concludi</strong></span> <span class='ocrx_word' id='word_1_425' title='bbox 734 4676 809 4728; x_wconf 89' lang='lat' dir='ltr'><strong>pesse</strong></span> <span class='ocrx_word' id='word_1_426' title='bbox 833 4659 943 4712; x_wconf 87' lang='lat' dir='ltr'><strong>concedo</strong></span> <span class='ocrx_word' id='word_1_427' title='bbox 967 4659 1126 4727; x_wconf 89' lang='lat' dir='ltr'><strong>Polyaenum</strong></span> <span class='ocrx_word' id='word_1_428' title='bbox 1150 4658 1236 4726; x_wconf 85' lang='lat' dir='ltr'><strong>ipsam</strong></span> <span class='ocrx_word' id='word_1_429' title='bbox 1265 4639 1400 4725; x_wconf 77' lang='grc' dir='ltr'><strong><em>ἀτιμίαν</em></strong></span> <span class='ocrx_word' id='word_1_430' title='bbox 1419 4671 1471 4707; x_wconf 91' lang='lat' dir='ltr'><strong>non</strong></span> 
     </span>
    </p>
   </div>
   <div class='ocr_carea' id='block_1_14' title="bbox 189 4748 1469 4906">
    <p class='ocr_par' dir='ltr' id='par_1_15' title="bbox 189 4748 1469 4906">
     <span class='ocr_line' id='line_1_43' title="bbox 189 4748 1469 4822; baseline 0.001 -23"><span class='ocrx_word' id='word_1_431' title='bbox 189 4748 271 4801; x_wconf 87' lang='lat' dir='ltr'><strong>videri</strong></span> <span class='ocrx_word' id='word_1_432' title='bbox 289 4748 408 4800; x_wconf 89' lang='lat' dir='ltr'><strong>timuisse</strong></span> <span class='ocrx_word' id='word_1_433' title='bbox 427 4748 469 4814; x_wconf 89' lang='lat' dir='ltr'><strong>(ef.</strong></span> <span class='ocrx_word' id='word_1_434' title='bbox 490 4749 519 4802; x_wconf 91' lang='lat' dir='ltr'><strong>B.</strong></span> <span class='ocrx_word' id='word_1_435' title='bbox 540 4750 571 4803; x_wconf 94' lang='lat' dir='ltr'><strong>A.</strong></span> <span class='ocrx_word' id='word_1_436' title='bbox 590 4751 638 4804; x_wconf 46' lang='lat' dir='ltr'><strong>BP</strong></span> <span class='ocrx_word' id='word_1_437' title='bbox 656 4771 681 4822; x_wconf 93' lang='lat' dir='ltr'><strong>p.</strong></span> <span class='ocrx_word' id='word_1_438' title='bbox 700 4755 769 4818; x_wconf 77' lang='grc'>597),</span> <span class='ocrx_word' id='word_1_439' title='bbox 789 4770 819 4805; x_wconf 88' lang='lat' dir='ltr'><strong>ea</strong></span> <span class='ocrx_word' id='word_1_440' title='bbox 837 4755 925 4806; x_wconf 83' lang='lat' dir='ltr'><strong>tamen</strong></span> <span class='ocrx_word' id='word_1_441' title='bbox 944 4755 1013 4805; x_wconf 80' lang='lat' dir='ltr'><strong>certe</strong></span> <span class='ocrx_word' id='word_1_442' title='bbox 1031 4751 1070 4804; x_wconf 92' lang='lat' dir='ltr'><strong>illi</strong></span> <span class='ocrx_word' id='word_1_443' title='bbox 1088 4751 1242 4804; x_wconf 90' lang='lat' dir='ltr'><strong>imminebat</strong></span> <span class='ocrx_word' id='word_1_444' title='bbox 1259 4753 1363 4802; x_wconf 84' lang='lat' dir='ltr'><strong>auctore</strong></span> <span class='ocrx_word' id='word_1_445' title='bbox 1382 4749 1469 4801; x_wconf 88' lang='lat' dir='ltr'><strong>eedem</strong></span> 
     </span>
     <span class='ocr_line' id='line_1_44' title="bbox 190 4836 496 4906; baseline 0.003 -17"><span class='ocrx_word' id='word_1_446' title='bbox 190 4836 330 4890; x_wconf 86' lang='lat' dir='ltr'><strong>Andocide.</strong></span> <span class='ocrx_word' id='word_1_447' title='bbox 369 4836 411 4905; x_wconf 84' lang='lat' dir='ltr'><strong>(ef.</strong></span> <span class='ocrx_word' id='word_1_448' title='bbox 431 4838 448 4891; x_wconf 90' lang='lat' dir='ltr'><strong>l.</strong></span> <span class='ocrx_word' id='word_1_449' title='bbox 467 4838 496 4906; x_wconf 91' lang='lat' dir='ltr'><strong>l.)</strong></span> 
     </span>
    </p>
   </div>
   <div class='ocr_carea' id='block_1_15' title="bbox 188 4922 1470 5096">
    <p class='ocr_par' dir='ltr' id='par_1_16' title="bbox 188 4922 1470 5096">
     <span class='ocr_line' id='line_1_45' title="bbox 279 4922 1470 5014; baseline 0.007 -28"><span class='ocrx_word' id='word_1_450' title='bbox 279 4934 300 5004; x_wconf 88' lang='grc'><strong>5)</strong></span> <span class='ocrx_word' id='word_1_451' title='bbox 319 4934 352 4988; x_wconf 86' lang='lat' dir='ltr'><strong>of.</strong></span> <span class='ocrx_word' id='word_1_452' title='bbox 371 4934 430 5004; x_wconf 89' lang='lat' dir='ltr'><strong>Lys.</strong></span> <span class='ocrx_word' id='word_1_453' title='bbox 450 4936 533 5004; x_wconf 87' lang='lat' dir='ltr'><strong>XVII,</strong></span> <span class='ocrx_word' id='word_1_454' title='bbox 554 4941 582 5003; x_wconf 78' lang='lat'><strong>43</strong></span> <span class='ocrx_word' id='word_1_455' title='bbox 609 4938 655 4990; x_wconf 89' lang='lat' dir='ltr'><strong>ubi</strong></span> <span class='ocrx_word' id='word_1_456' title='bbox 674 4943 745 4992; x_wconf 85' lang='lat' dir='ltr'><strong>aeter</strong></span> <span class='ocrx_word' id='word_1_457' title='bbox 763 4939 882 5009; x_wconf 88' lang='lat' dir='ltr'><strong>pluribus</strong></span> <span class='ocrx_word' id='word_1_458' title='bbox 902 4939 933 4992; x_wconf 90' lang='lat' dir='ltr'><strong>de</strong></span> <span class='ocrx_word' id='word_1_459' title='bbox 957 4922 1144 5014; x_wconf 69' lang='grc' dir='ltr'><strong><em>ἀπογραφῇ</em></strong></span> <span class='ocrx_word' id='word_1_460' title='bbox 1163 4938 1191 4991; x_wconf 91' lang='lat' dir='ltr'><strong>in</strong></span> <span class='ocrx_word' id='word_1_461' title='bbox 1209 4939 1349 4992; x_wconf 79' lang='lat' dir='ltr'><strong>Eratonem</strong></span> <span class='ocrx_word' id='word_1_462' title='bbox 1367 4935 1470 4989; x_wconf 72' lang='lat' dir='ltr'><strong>intenta</strong></span> 
     </span>
     <span class='ocr_line' id='line_1_46' title="bbox 188 5027 313 5096; baseline 0 -16"><span class='ocrx_word' id='word_1_463' title='bbox 188 5027 313 5096; x_wconf 90' lang='lat' dir='ltr'><strong>loquitur.</strong></span> 
     </span>
    </p>
   </div>
   <div class='ocr_carea' id='block_1_16' title="bbox 0 0 1670 5542">
    <p class='ocr_par' dir='ltr' id='par_1_17' title="bbox 0 0 1670 5542">
     <span class='ocr_line' id='line_1_47' title="bbox 0 0 1670 5542; baseline 0 1"><span class='ocrx_word' id='word_1_464' title='bbox 0 0 1670 5542; x_wconf 95' lang='lat' dir='ltr'><strong> </strong></span> 
     </span>
    </p>
   </div>
  </div>
 </body>
</html>
