3330 5542
735 253 946 316 -39-

197 437 274 518 θείς
302 418 419 523 eadem,
453 446 559 511 ordine
583 448 647 511 solo
671 449 899 514 sententiarum
919 451 1049 526 mutato,
1073 450 1205 532 exponit.
1240 451 1279 513 ln
1299 451 1342 514 eis
1362 451 1482 529 deinde,
1574 523 1579 533 ,

197 572 278 635 quae
302 554 341 635 ἐξ
368 556 417 631 11,
444 556 484 617 12
509 556 692 638 sequnntur,
715 555 786 619 libri
810 544 1072 642 ἀπηλλαγμένοι
1104 545 1179 618 εἷεν
1206 559 1366 640 praebent,
1390 548 1484 621 οὐδέ

196 661 269 724 ante
285 654 431 741 ἐννόμως
446 663 603 739 omittunt,
619 665 690 745 post
700 654 835 725 derideor
846 658 884 726 δέ
900 665 1017 728 habent
1028 652 1162 736 αὐτοῖς
1178 655 1279 747 (ὑπὲρ
1290 649 1336 725 ὦν
1350 688 1377 726 κ.
1389 687 1414 728 τ.
1426 662 1482 745 λ).

195 766 283 845 Quae
306 769 455 833 lectiones
478 772 545 834 tarn
561 772 725 854 corruptae
749 773 831 847 sunt,
855 773 891 834 ut
908 790 982 835 sane
1000 770 1197 851 eorrigendae
1216 772 1381 835 videantur
1404 787 1483 838 esse.

193 875 313 938 Earum
336 877 443 940 autem
467 897 544 960 quas
567 878 625 941 viri
649 878 730 941 dooti
754 880 982 961 proposuerunt
1006 878 1260 941 emendationum
1289 879 1483 961 simplicissi-

193 1000 264 1045 mas
280 1001 349 1046 esse
365 984 458 1049 hasoe
475 985 738 1049 Turioensium
762 983 961 1070 (Soheibii)
984 987 1074 1067 puto:
1099 973 1365 1067 ἀπηλλαγμένος
1387 979 1480 1070 εἴην,

194 1078 431 1171 οὐδ’έννόμως,
456 1081 630 1166 εὐθύνας
644 1112 699 1174 pro
719 1081 831 1165 αὐτοῖς
847 1111 980 1172 cumque
991 1085 1063 1156 tota
1079 1092 1288 1175 disputatione
1304 1092 1480 1174 Polyaenus

193 1196 348 1279 imprimis
372 1199 534 1263 ostendero
559 1200 691 1277 studeat,
715 1200 816 1263 multa
840 1200 898 1263 sibi
923 1218 941 1262 a
966 1193 1102 1279 ταμίαις
1125 1198 1306 1274 condonata,
1326 1201 1480 1280 seipsum

193 1303 364 1368 debitorem
399 1324 466 1369 esse
499 1305 670 1389 desiissel)
703 1326 804 1389 neque
832 1306 991 1383 Reiskit
1021 1306 1075 1388 qui
1103 1293 1307 1369 librorum
1277 1326 1342 1366 ειεν
1366 1302 1481 1370 retinet

193 1411 393 1475 etdeinde
369 1432 414 1476 sio
433 1414 553 1478 scribit:
580 1406 616 1475 oi
637 1409 707 1492 μέν
727 1408 800 1497 γὰρ
822 1404 934 1496 κύριοι
955 1400 1040 1497 ἦσαν
1063 1401 1306 1501 πρόξασθαι”
1284 1435 1304 1498 η
1329 1383 1479 1494 ἀφεῖναι,

193 1509 343 1599 ἐννόμως
363 1515 609 1605 ὐέζημιωέλεὶς
630 1508 1002 1642 εὐλόγωςάνιύιγειλον
1023 1531 1052 1580 κ.“
1073 1541 1099 1580 τ.
1125 1516 1151 1580 λ.
1157 1539 1285 1645 ,neque
1309 1518 1376 1582 Βλ
1374 1521 1496 1607 hano¹

193 1626 326 1689 sanandi
349 1626 502 1692 rationem
510 1627 535 1750 ἶ)
558 1629 667 1750 probo
693 1621 722 1689 εἰ
747 1615 838 1688 ύούν
859 1619 1101 1752 έζημέωραν
1062 1648 1120 1688 ιιεν
1143 1614 1210 1688 οὐν
1232 1613 1478 1725 προσηκόντως,

193 1723 364 1814 εκύρωσαν
387 1728 480 1795 ἀέ-
503 1723 664 1816 ἀφέντων,
696 1724 835 1806 εἰκότως
859 1723 900 1794 ἀν
926 1755 953 1795 τ.
979 1729 1004 1795 ε’.
1036 1722 1310 1856 ἀπηλλαγμένοι
1330 1721 1434 1794 εἷεν·
1450 1727 1480 1795 εἰ

191 1861 252 1918 μεν
271 1833 336 1923 γὰρ
350 1831 463 1924 κύριοι
483 1827 567 1926 ἦσαν
584 1837 812 1925 (imper'atores)
830 1830 1070 1922 ποαξασλαι
1049 1861 1067 1923 η
1090 1833 1240 1920 ἐφεῖναι,
1249 1830 1314 1919 ³‘)
1297 1859 1457 1902 οπωσοι
1464 1862 1481 1901 ν
1534 1870 1536 1874 ⁴

121 1962 129 1972 ·
194 1943 379 2031 ζημιωθεὶς
399 1936 545 2027 εὐλόγως
565 1937 606 2008 ἀν
627 1935 778 2028 deuna
798 1967 826 2007 κ.
853 1968 880 2007 τ.
902 1943 931 2006 λ.
952 1946 1056 2009 ·Item
1090 1965 1108 2008 λ
1140 1947 1390 2023 Thalheimio,
1425 1948 1478 2030 qui

192 2052 383 2136 proponite)
408 2093 449 2100 -
474 2043 741 2179 ἀπηλλαγμένος
763 2046 842 2135 εἴην
861 2071 868 2086 ·
884 2045 913 2112 εἰ
934 2048 994 2132 μέν
1015 2047 1141 2136 γὰρμὴ
1158 2043 1272 2133 κύριοι
1288 2041 1479 2139 ἧσανπρά-
1495 2121 1497 2125 ,

194 2150 362 2234 §aooafl
341 2184 360 2246 η
384 2151 531 2242 ἀφεῖναι,
555 2151 700 2238 ἐννόμως
726 2155 912 2245 ζημιωθεὶς
933 2148 1124 2238 εὐλόγως
1102 2181 1142 2219 αν
1164 2147 1314 2239 ἀν’φειλον
1339 2182 1367 2221 κ.
1388 2182 1414 2222 τ
1438 2156 1478 2224 λ.,

192 2269 379 2331 ολλῈλλ0
399 2267 557 2344 dissentio,
583 2267 643 2350 qui-
660 2269 738 2349 §12
763 2268 807 2331 sio
830 2267 998 2347 legendum
1022 2269 1135 2330 essest
1138 2267 1231 2329 atnit:
1241 2265 1265 2349 ⁵)
1291 2288 1320 2328 ει
1310 2257 1478 2340 δ’έξεσιι

191 2370 313 2455 μηδὲν
347 2363 461 2446 αὐτοῖς
491 2363 629 2456 ἀφεῖναι
648 2395 687 2434 κ.
708 2395 734 2435 τ.
758 2371 785 2432 λ.
834 2373 944 2455 Neque
978 2374 1062 2436 enirn
1091 2374 1216 2436 omnino
1250 2362 1388 2456 ἀφεῖναι
1421 2368 1480 2457 τὴν

193 2474 309 2563 ζημίαν
334 2481 551 2561 quaestoribus
568 2481 726 2545 Minervae
750 2481 875 2544 licuisse
891 2482 987 2562 negat
1010 2482 1120 2558 orator,
1146 2481 1199 2544 sed
1223 2483 1330 2544 monet
1352 2483 1478 2543 tantum
1559 2487 1562 2492 '

192 2606 237 2668 eo,
265 2587 353 2670 ,quod
376 2588 512 2651 rationes
545 2588 672 2651 reddere
702 2588 860 2671 deberent,
893 2590 1080 2671 potestatem
1110 2589 1304 2653 condonandi
1328 2589 1491 2669 quodam-¹

191 2695 281 2759 modo
314 2695 520 2779 oonsoriptam
559 2715 635 2761 esse.
645 2696 668 2779 ⁵)
724 2695 786 2760 Sed
819 2698 837 2777 ξ
873 2698 913 2758 12
952 2698 1257 2778 argumentationem
1295 2696 1475 2777 diligentius

192 2803 412 2866 examinemus.
459 2802 528 2880 Qua
557 2804 687 2887 simplex
714 2805 792 2868 haee
820 2805 991 2868 sententia:
1027 2796 1057 2864 oi
1085 2801 1145 2884 μὲν
1175 2798 1237 2885 γὰρ
1259 2795 1370 2885 κύριοι
1393 2790 1479 2887 ἦσαν

191 2899 391 2988 πράξασθαι
415 2899 436 2993 ἢ
458 2899 598 2999 ἀφεῖναι
615 2929 622 2942 ·
641 2903 670 2971 εἰ
692 2906 729 2972 δέ
752 2902 907 2972 διδόασιν
929 2900 1085 2984 εὐθύνας,
1109 2904 1144 2972 εἴ
1159 2932 1192 2970 τι
1212 2899 1401 2996 ἠδικήκασι,
1423 2908 1482 2993 τῆς

190 3006 425 3101 προσηκούσης
444 3010 538 3100 δίκης
557 3009 730 3090 τεύξονται
753 3036 849 3099 quam
865 3018 985 3099 oopiose
1003 3017 1171 3099 exponitur.
1182 3017 1205 3098 ⁵)
1240 3017 1325 3080 Nam
1339 3017 1477 3101 primum

189 3123 267 3186 haec
281 3124 389 3187 verba:
412 3114 557 3203 ἐννόμως
576 3118 762 3208 ζημιωθείς
776 3124 967 3207 respondent
982 3126 1035 3202 eis
1054 3143 1133 3207 qnae
1151 3126 1339 3189 antecedunt
1355 3124 1386 3208 (ξ
1406 3122 1476 3206 11):

191 3222 221 3290 εἰ
247 3217 338 3291 ὸοσύν
365 3223 553 3315 ἐζημίωσαν
580 3221 818 3316 προσηκόντως
846 3254 874 3292 κ.
898 3254 925 3293 τ.
947 3229 986 3305 λ.,
1017 3234 1161 3296 ethaeo:
1187 3221 1258 3294 οὐδ’
1262 3221 1407 3312 εὐλόγως
1436 3221 1477 3293 ἀν

190 3323 339 3418 ὤφειλον
356 3337 434 3400 illis:
459 3328 598 3410 εἰκότως
616 3327 657 3399 ἀν
677 3336 738 3399 τού
761 3329 966 3422 ἐγκλήματος
981 3327 1239 3424 ἀπηλλαγμένος
1259 3330 1340 3423 εἴην,
1365 3337 1476 3402 deinde

189 3446 313 3525 praeter
344 3445 564 3508 necessitatem
597 3445 682 3508 hisee
714 3446 833 3509 verbis:
868 3437 898 3506 εἰ
929 3434 1070 3519 ἀέξεστι
1101 3442 1163 3524 μὲν
1196 3434 1309 3518 αὐτοῖς
1340 3434 1477 3527 ἀφεῖναι
1547 3471 1550 3475 >

189 3553 373 3632 repetuntur
404 3551 472 3614 illa:
507 3545 536 3612 εἰ
563 3546 624 3628 μέν
651 3545 715 3635 γὰρ
744 3542 856 3636 κύριοι
886 3539 970 3636 ἦσαν
1000 3541 1145 3633 ἀφεῖναι.
1190 3551 1228 3614 In
1256 3553 1346 3615 tanta
1370 3554 1476 3615 autem

189 3659 352 3723 uerborum
381 3658 573 3722 abundantia
605 3677 645 3721 ne
674 3660 752 3721 satis
782 3659 865 3722 olara
890 3659 1016 3740 quidem
1045 3659 1149 3721 omnia
1174 3660 1262 3733 sunt;
1296 3661 1332 3722 ut
1355 3659 1387 3722 in
1406 3661 1475 3723 his:

190 3757 219 3826 εἰ
240 3761 301 3844 μέν
321 3758 384 3849 γάρ
406 3756 520 3850 κύριοι
542 3751 627 3849 ἦσαν
649 3764 729 3849 (init.
747 3766 765 3846 ξ
785 3762 839 3847 12)
856 3766 910 3846 qui
925 3765 1042 3828 fuerint
1065 3757 1179 3849 κύριοι
1200 3786 1255 3848 per
1271 3786 1304 3830 se
1320 3767 1475 3830 incertum

191 3872 277 3935 etin
301 3867 411 3937 ultimo
436 3874 454 3954 ξ
481 3874 521 3935 12
546 3871 707 3935 enuntiato
731 3891 844 3954 parurn
867 3871 1000 3936 diluoide
1024 3872 1143 3937 dietum
1167 3875 1215 3936 est
1237 3893 1300 3937 non
1318 3873 1474 3955 Polyaeno

189 3980 322 4043 multam
337 3979 561 4061 praestandam
578 3997 656 4060 esse,
680 3977 735 4042 sed
752 3980 931 4059 quaestores
956 3980 1039 4062 ipsos
1059 3999 1183 4043 omnem
1206 3981 1239 4042 in
1263 3999 1296 4044 se
1319 3981 1473 4063 recepisse

281 4203 301 4266 Ἰ)
320 4199 469 4254 difficillimi
487 4200 566 4254 huius
584 4200 635 4253 1οοί
653 4200 809 4254 sententia-m
828 4200 948 4269 pluribus
966 4201 1086 4271 exposuit
1104 4200 1148 4254 St.
1168 4201 1225 4269 (1,,
1244 4217 1270 4269 p.
1291 4204 1338 4254 511
1361 4203 1437 4270 sqq.)

277 4300 299 4364 ξ)
318 4296 351 4352 of.
369 4298 387 4352 l.
406 4299 424 4352 l.
443 4315 468 4368 p.
488 4301 538 4352 251
559 4315 615 4368 sqq.

279 4399 299 4465 3)
318 4399 452 4466 praeterea
463 4397 723 4464 ntrumstrategis
742 4379 944 4472 πράξασθαι
960 4378 982 4473 ἢ
1005 4384 1144 4472 ἀφεῖναι
1163 4395 1268 4448 licuerit
1276 4413 1357 4450 neone
1367 4397 1472 4451 minimo

187 4490 330 4558 quaeritur.

276 4579 297 4648 ⁵)
315 4579 348 4633 of.
367 4579 477 4633 Jahrbb.
496 4579 515 4633 f.
534 4580 628 4635 Philol.
651 4583 727 4647 1878,
746 4597 772 4649 p.
793 4583 853 4633 530.

277 4680 297 4743 ⁵)
316 4676 349 4731 of.
369 4677 386 4731 l.
406 4677 424 4730 l.
443 4695 468 4746 p.
488 4681 531 4732 69.

276 4775 296 4844 ⁵)
315 4792 361 4827 our
379 4775 500 4828 Thalh.i
520 4775 598 4829 leotio
616 4778 750 4846 praeterea
768 4775 842 4828 nobis
861 4774 897 4828 sit
915 4775 1057 4839 offensioni,
1077 4777 1147 4827 reete
1166 4774 1231 4827 mihi
1246 4774 1289 4828 st.
1306 4775 1362 4841 (1.1.
1375 4793 1398 4844 p.
1412 4781 1471 4842 513,

187 4881 212 4917 n.
236 4864 259 4931 1)
279 4863 428 4932 exposuisse
446 4865 557 4918 videtur.

277 4963 296 5030 ⁵)
315 4960 349 5015 of.
369 4961 407 5015 St.
427 4961 492 5029 (1.1.
512 4980 537 5032 p.
558 4963 627 5031 513).
