3330 5542
681 282 937 349 ...51-

188 479 346 566 professus
371 479 475 566 erot,¹)
509 501 571 547 non
604 482 710 546 minus
733 500 798 559 nos,
831 481 949 566 opinati
972 481 1106 546 militem
1128 481 1187 547 hoc
1213 481 1279 549 loco
1302 480 1418 547 iniuria
1441 500 1473 547 se

188 590 374 674 inscriptum
407 609 474 654 esse
508 589 720 654 demonstrare
753 589 887 668 studere,
921 590 1107 654 miraremur
1139 592 1239 655 totam
1279 590 1375 654 istam
1407 610 1474 654 rem

188 698 287 762 obiter
318 700 444 763 tantum
475 697 630 780 prolatam
663 716 744 772 esse3
777 716 853 761 nam
886 698 981 761 etiam
1014 700 1084 762 tum
1116 700 1285 762 veteranus
1313 700 1472 782 praetores

188 807 343 889 potestate
367 807 475 870 contra
499 823 531 868 se
556 805 669 869 abusos
693 824 761 870 esse
785 805 947 870 ostendere
970 805 1080 888 potuit.
1119 807 1162 869 At
1185 805 1269 870 enim
1292 805 1344 870 ille
1368 824 1475 870 narra-

188 916 279 978 turus
302 913 406 998 potius
431 916 486 991 est,
521 912 675 994 quomodo
708 911 827 977 factum
851 913 899 991 sit,
932 915 970 977 ut
1001 912 1201 978 malediceret
1224 913 1475 996 imperatoribus,

189 1020 444 1104 indignationem
477 1022 592 1097 autem,
626 1039 689 1103 qua
721 1021 923 1085 exardescens
956 1020 1187 1102 obiurgationes
1221 1021 1283 1085 illis
1316 1022 1474 1100 intulerat,

188 1150 250 1195 non
274 1133 408 1207 tameo,
433 1128 515 1212 quod
538 1128 614 1191 item
639 1130 733 1211 atque
757 1127 916 1194 Callicrati
940 1127 968 1191 ei
1001 1127 1202 1192 militandum
1230 1147 1298 1193 csse
1323 1129 1475 1211 dixerant,

191 1258 286 1322 quam
310 1257 354 1314 eo,
379 1236 461 1321 quod
485 1229 599 1323 δήσειν
622 1255 694 1299 eum
718 1227 901 1310 ἀπειλοῖεν,
934 1234 1098 1299 incitatam
1131 1255 1199 1300 esse
1227 1235 1395 1300 verisimile
1419 1238 1475 1300 est.

190 1345 292 1424 Quare
315 1345 500 1428 Polyaenus,
534 1344 602 1420 etsi,
636 1343 673 1407 de
706 1343 755 1406 his
780 1342 874 1406 minis
908 1361 941 1407 se
965 1343 1048 1426 apud
1081 1337 1203 1406 (διλίοο
1224 1345 1389 1407 tabernam
1412 1363 1476 1408 oer-

188 1453 300 1517 tiorem
324 1453 443 1517 lactum
467 1470 535 1516 esse
558 1450 704 1527 referens,
738 1450 833 1515 etiam
867 1451 925 1515 sub
958 1450 1046 1514 cuius
1080 1469 1192 1515 causae
1221 1451 1322 1534 specie
1347 1451 1476 1532 strategi

189 1560 251 1624 illis
274 1561 324 1624 usi
348 1560 412 1624 sint
435 1558 467 1644 (ξ
492 1560 527 1620 b:
553 1552 704 1636 λέγοντες
728 1550 782 1618 ὅτι
805 1547 902 1621 οὐδὲν
922 1549 1048 1620 ἐλάττω
1073 1549 1194 1640 χρόνον
1221 1550 1477 1642 Καλλικράτους

190 1658 383 1740 Πολύαινος
405 1657 578 1750 ἐνδημοίη)
595 1664 690 1740 addit,
713 1663 868 1747 imprimis
884 1666 991 1727 tamen
1008 1683 1060 1728 eos
1076 1665 1245 1728 insolenter
1266 1665 1325 1729 sibi
1340 1665 1475 1729 minutos

190 1791 257 1836 esse
290 1791 400 1854 urgere
432 1771 501 1836 vult
532 1790 635 1855 neque
669 1771 765 1834 verba
796 1770 858 1834 ista
891 1772 1042 1854 explicare
1074 1772 1285 1835 necessarium
1318 1773 1367 1835 vel
1399 1773 1475 1836 utile

189 1882 289 1963 putat.
337 1878 496 1970 Quomodo
530 1879 611 1962 quod
645 1896 683 1943 ea
714 1875 888 1962 ostantare)
920 1883 957 1942 ut
989 1879 1034 1942 ita
1057 1878 1169 1961 dicam,
1201 1898 1302 1960 neque
1330 1880 1477 1944 lacunam

189 2006 291 2071 neque
315 1987 465 2069 epitomes
498 1986 630 2067 vestigia
662 1987 768 2049 nostro
800 1986 865 2049 loco
898 1986 1058 2051 habemus.
1106 1985 1306 2067 Quamquam
1338 1986 1371 2048 in
1394 1988 1477 2051 bona

188 2094 367 2157 narratione
400 2093 437 2157 de
471 2094 539 2175 hoc,
571 2112 648 2156 num
681 2093 765 2156 iusta
797 2091 909 2156 fuisset
940 2093 996 2155 illa
1019 2111 1124 2175 causa,
1157 2094 1194 2155 ut
1226 2093 1338 2158 certior
1360 2094 1476 2170 fierem,

190 2219 264 2264 sane
296 2201 496 2282 postularem.
552 2199 641 2278 Quod
675 2200 786 2264 deinde
820 2218 883 2262 non
930 2200 1023 2263 certis
1064 2201 1166 2266 verbis
1203 2203 1266 2284 qui
1300 2193 1476 2267 ἀπειλοῖεν

189 2309 222 2370 in
247 2307 503 2372 antecedentibus
527 2307 743 2390 comperimus,
776 2306 978 2371 offensionem
1011 2308 1089 2371 mihi
1114 2309 1240 2392 quidem
1268 2327 1330 2372 non
1354 2309 1477 2371 tantam

192 2416 331 2500 praebet,
363 2416 398 2478 ut
421 2414 527 2496 aliqua
551 2414 700 2479 excidisse
733 2415 879 2478 statuam.
924 2414 1008 2478 Nam
1031 2416 1234 2499 imperatores
1258 2414 1477 2496 intelligendos

194 2542 261 2586 esse
284 2524 369 2586 totus
392 2540 497 2585 rerum
521 2523 682 2586 contextus
706 2521 802 2585 docet.
831 2519 933 2598 Quare
958 2521 995 2584 de
1019 2523 1077 2587 hoo
1099 2523 1144 2586 nil
1167 2523 1228 2586 nisi
1251 2522 1477 2603 negligentiam

196 2629 355 2711 quandam
371 2629 484 2694 oratori
513 2627 635 2693 crimini
660 2628 706 2692 do.
745 2626 832 2703 Quae
855 2630 1000 2711 congruit
1024 2649 1095 2694 oum
1119 2633 1186 2694 eius
1211 2629 1321 2694 indole.
1361 2629 1480 2692 Maiore

191 2756 281 2821 porro
298 2736 348 2800 st.
367 2736 433 2800 iure
450 2737 482 2799 in
499 2735 702 2816 sequentibus
717 2735 833 2801 haeret.
874 2736 961 2815 Quae
978 2756 1053 2802 sane
1069 2738 1163 2801 nimis
1180 2738 1339 2802 contracta
1354 2754 1479 2818 parum·

195 2863 254 2928 que
271 2843 435 2927 perspicua
451 2844 532 2908 sunt.
556 2842 667 2926 Neque
682 2845 789 2907 tamen
805 2844 932 2927 perinde
950 2847 1045 2928 atque
1063 2845 1112 2910 St.
1123 2845 1265 2928 opinione
1282 2844 1376 2908 ducor
1390 2863 1479 2926 prae-

192 2950 338 3015 iudicata.
386 2947 446 3026 Qui
469 2952 593 3033 praeter
615 2951 836 3014 necessitatem
859 2951 892 3040 in
916 2972 951 3016 eo
968 2952 1102 3029 offendit,
1138 2952 1220 3036 quod
1243 2970 1344 3032 neque
1369 2951 1478 3034 quales

191 3057 340 3140 Polyaeni
364 3055 535 3144 λοιδορίαι
568 3057 686 3121 fuerint
712 3076 815 3142 neque
839 3078 891 3123 eas
916 3064 1002 3124 extra
1024 3058 1062 3125 τὸ
1085 3058 1259 3146 συνέδριον
1286 3059 1386 3123 factas
1410 3076 1479 3122 esse

192 3169 343 3250 legamus.
388 3165 473 3228 Nam
504 3164 642 3249 primum
676 3165 856 3246 obiurgasse
888 3167 1022 3232 militem
1046 3168 1084 3231 ob
1113 3186 1244 3248 eamque
1268 3186 1334 3231 rem
1359 3167 1398 3230 ab
1420 3166 1480 3229 im-

192 3274 385 3359 peratoribus
409 3273 580 3335 multatum
599 3291 675 3349 esse,
700 3274 805 3356 aperte
828 3272 913 3337 hisce
938 3275 1038 3339 verbis
1063 3275 1177 3338 elucet:
1215 3267 1480 3358 ἀπαγγείλαντός

191 3401 283 3451 τινος
307 3371 357 3454 ὡς
376 3371 450 3458 ἐγώ
473 3375 704 3461 λοιδοροῖμι
727 3421 761 3431 -
783 3375 949 3464 ζρμιῶσοι
973 3370 1118 3466 ἠξίωσαν
1141 3382 1173 3464 (ξ
1192 3359 1277 3463 '6);³)
1294 3401 1355 3464 quo
1372 3383 1479 3444 autem

193 3486 399 3552 contumeliae
424 3486 658 3568 spectavissent,
682 3484 836 3550 iudicibus
860 3506 896 3550 ex
920 3487 973 3563 eis,
998 3487 1111 3570 quibus
1135 3490 1256 3553 motum
1280 3506 1312 3551 se
1337 3506 1414 3563 esse,
1443 3488 1479 3550 ut

194 3595 394 3659 malediceret
416 3593 621 3675 praetoribus,
644 3592 696 3656 ille
716 3594 906 3675 narraverat,
930 3613 1113 3675 cognoscere
1129 3595 1230 3669 licuit3
1255 3594 1400 3678 quodque
1416 3613 1479 3657 nou

192 3703 226 3765 iu
250 3693 452 3788 ἀπορρήτων
474 3718 604 3763 numero
628 3699 725 3762 fuisse
749 3700 901 3776 videntur,
927 3703 1054 3765 omnino
1084 3721 1156 3765 eum
1180 3703 1388 3766 conviciatum
1411 3719 1479 3764 esse

195 3808 316 3874 suffecit
338 3825 473 3882 monere,
507 3807 691 3888 praesertim
724 3827 796 3871 curn
818 3808 994 3890 Polyaenus
1018 3809 1184 3892 explicans
1218 3809 1326 3892 quales
1354 3808 1481 3872 fecisset

194 3908 434 3998 obiurgationes,
458 3933 520 3978 non
545 3913 714 3977 admodum
737 3916 988 3980 commendasset
1011 3935 1087 3981 sese.
1116 3916 1219 3995 Quare
1242 3936 1305 3980 nou
1327 3916 1481 3980 assentiar

194 4022 276 4106 eise)
301 4023 354 4104 qui
377 4018 418 4085 τά
438 4018 667 4109 προειρημένα
676 4018 700 4104 5)
733 4022 765 4108 (ἓ
799 4022 831 4105 5)
866 4022 905 4085 ad
938 4024 1077 4088 convicia
1108 4022 1248 4087 referunt
1275 4023 1417 4108 pluribus
1442 4023 1480 4085 ab

194 4133 314 4195 oratore
346 4129 380 4192 in
414 4127 670 4193 antecedentibus
694 4127 850 4212 descripta
874 4131 906 4193 et
927 4131 1005 4195 haec
1026 4131 1135 4195 verba:
1169 4123 1271 4214 κάμοί
1290 4128 1350 4212 μὲν
1367 4155 1394 4194 τ.
1420 4153 1478 4216 πρ.

195 4230 359 4299 διείλεκτο
382 4235 628 4318 interpretantur
660 4235 720 4299 sic:
754 4229 816 4302 ἀπ’
838 4235 1124 4320 ἐμοῦ-διείλεκτο.
1173 4237 1234 4302 Sed
1258 4237 1297 4300 ad
1322 4255 1366 4312 ea,
1401 4254 1480 4316 quae

195 4359 229 4404 se
262 4340 300 4406 do
333 4340 479 4423 strategis
508 4342 558 4427 (cf.
582 4334 893 4423 συμβουλευόμενός
927 4365 994 4405 τινι
1030 4343 1096 4405 τῶν
1133 4341 1283 4406 πολιτῶν
1315 4366 1342 4404 κ.
1375 4364 1402 4404 τ.
1439 4339 1481 4425 λ.)

197 4449 303 4457 —-

286 4485 307 4549 λ)
325 4499 376 4553 quo
394 4482 451 4536 iure
469 4482 629 4537 Reiskius
654 4482 820 4539 Callicratem
844 4483 967 4552 Polyaeni
994 4483 1123 4554 manipuli
1141 4484 1279 4539 tribunum
1296 4483 1378 4537 fuisse
1397 4482 1481 4552 suspi-

195 4574 277 4639 cetur,
296 4572 431 4626 nonsatis
450 4571 582 4640 intelligo;
602 4572 634 4627 cf.
655 4573 700 4628 st.
719 4573 767 4641 l.4,
786 4590 811 4642 p.
832 4577 891 4628 503.

286 4661 307 4731 ²)
326 4660 359 4716 cf.
378 4678 403 4731 p.
423 4666 449 4728 4,
467 4661 505 4732 (u.
527 4661 560 4731 1),
579 4663 639 4732 Lys.
658 4663 732 4730 XIII,
750 4667 793 4729 85,
814 4662 866 4730 st,
885 4663 938 4730 lp,
958 4681 983 4733 p.
1005 4667 1064 4719 504.

285 4762 307 4827 ³)
325 4763 459 4831 praeterea
487 4760 661 4815 conviciatum
688 4779 716 4816 se
743 4778 800 4816 esse
827 4761 881 4817 Pol.
910 4762 939 4816 in
966 4779 1022 4833 sqq.
1051 4762 1158 4816 minime
1186 4766 1274 4831 negat,
1303 4762 1349 4816 sed
1377 4748 1411 4814 ἐν
1434 4752 1482 4834 τῷ

197 4847 369 4938 συνεδρίῳ.

285 4956 306 5026 ⁴)
326 4958 390 5010 sunt
407 4955 523 5027 plerique
541 4957 705 5028 interpretes.

286 5045 467 5120 δάμω
