3330 5542
753 273 964 334 ..56-

219 471 347 551 pugnat.
393 468 480 533 Adde
514 469 596 553 quod
628 490 700 534 cum
733 468 864 532 aliorum
896 468 1033 531 locorum
1057 471 1125 532 tum
1159 470 1197 551 ἐξ
1224 471 1265 531 15
1289 488 1358 552 sqq.
1381 468 1504 533 indoles

219 575 308 638 valde
333 574 435 638 differt
459 577 497 639 ab
521 595 578 657 ea,·
592 596 687 659 quam
710 577 862 659 epitomes
884 576 1043 659 propriam
1066 575 1163 640 fuisse
1187 576 1402 657 cognovimus;
1427 595 1504 657 quo-

219 682 429 746 modoetiam
452 702 554 764 neque
586 684 714 747 nomina
746 702 846 764 neque
880 682 1081 746 allocutiones
1114 682 1203 746 aurio
1230 682 1395 765 repudiata
1418 685 1503 747 sunt.

219 789 463 874 Dispositionem
485 791 620 874 denique
644 790 812 855 admodum
838 789 1035 874 perspicuam
1068 808 1135 853 esse
1163 789 1305 872 pluribus
1334 809 1428 872 supra
1452 808 1504 853 ex·

219 897 389 979 posuimus.
797 966 806 985 ⁶

309 1003 429 1083 Quibus
453 1005 599 1086 expositis
623 1024 695 1069 cum
719 1006 868 1089 appareat
890 1004 1061 1069 orationem
1084 1006 1225 1068 nostram
1248 1005 1424 1086 excerptam
1439 1023 1504 1068 non

221 1131 298 1193 esse,
332 1131 386 1176 our
417 1131 506 1194 porro
540 1111 604 1194 st,
644 1103 868 1196 aprcrdraaov
897 1111 964 1177 eius
997 1111 1109 1193 Lysiae
1143 1111 1381 1188 abiudicantem,
1414 1112 1506 1175 reici-

220 1238 310 1283 amus
333 1238 396 1282 non
419 1219 579 1282 habemus
625 1218 709 1281 Nam
733 1237 936 1301 quaeeunque
961 1238 979 1282 a
1001 1218 1114 1300 Lysiae
1143 1217 1368 1282 consuetudine
1392 1217 1424 1281 in
1449 1218 1507 1281 illa

221 1326 323 1389 aliena
346 1327 428 1402 sunt,
460 1344 522 1389 non
547 1326 751 1408 epitomatori,
785 1326 839 1389 sed
863 1328 891 1389 ei
915 1326 983 1408 ipsi,
1008 1325 1061 1407 qui
1085 1325 1257 1388 orationem
1281 1324 1415 1408 scripsit,
1449 1324 1507 1387 tri-

221 1433 344 1498 buenda
367 1435 449 1497 sunt.
497 1431 597 1508 Quem
620 1432 748 1516 Lysiam
772 1451 839 1497 esse
862 1453 925 1496 non
948 1451 1038 1515 posse
1063 1432 1206 1496 vidimus.

637 2273 1086 2399 Corrigenda:

426 2530 454 2592 p.
506 2511 575 2573 ὃν.
602 2511 642 2572 17
650 2530 657 2571 :
681 2508 876 2592 respicienda
1008 2528 1063 2590 pro
1109 2508 1292 2590 respicenda

429 2666 444 2698 ‚‚
485 2619 525 2680 12
554 2665 570 2693 ,‚
599 2620 656 2680 35:
681 2616 824 2680 attulisse
1030 2664 1046 2692 ‚,
1108 2616 1250 2679 attulisse
1274 2634 1307 2680 se

427 2774 443 2802 „
483 2727 523 2787 15
552 2773 568 2801 ,‚
601 2727 655 2787 18:
681 2725 835 2805 quatenus
1029 2772 1045 2800 ,,
1107 2726 1284 2804 quantenus

429 2881 445 2914 „
482 2834 576 2898 2511.
601 2834 630 2908 3,
654 2852 680 2895 v.
706 2833 762 2895 16:
787 2832 965 2895 existiment
1029 2880 1045 2912 ,‚
1107 2830 1291 2894 existement

432 3127 456 3178 p.
494 3113 555 3162 an.
595 3113 617 3174 1,
637 3126 660 3162 ν.
681 3114 711 3162 5:
731 3091 868 3174 ἐξόδους
1006 3125 1053 3178 pro
1108 3090 1246 3172 ἐξόδους

437 3252 452 3277 ,,
494 3215 553 3266 7v.
575 3214 620 3264 14:
641 3194 674 3262 oi
1021 3253 1036 3277 „
1111 3195 1154 3277 οἱ,

530 3331 555 3367 n.
594 3317 623 3367 2:
644 3298 676 3366 ol
1025 3355 1040 3379 ,‚
1115 3301 1148 3366 ol
1204 3365 1207 3370 ⁴

438 3457 453 3481 ‚,
474 3418 507 3470 10
526 3434 549 3470 v.
569 3421 617 3471 32:
637 3397 738 3494 ὀργῆς
1023 3457 1038 3481 ‚‚
1112 3403 1212 3490 οργῆς

532 3552 547 3576 ,,
572 3514 620 3564 39;
639 3510 808 3580 praecantum
1024 3550 1038 3574 ‚‚
1111 3512 1279 3578 praecantum

437 3649 453 3674 ‚‚
475 3614 507 3662 15
531 3651 546 3676 „
571 3614 617 3662 21:
637 3593 793 3680 λεύκωμα
1023 3650 1038 3674 ,,
1111 3594 1266 3679 isdemne

438 3715 506 3777 ,,16
531 3754 546 3779 ,‚
573 3718 617 3766 15:
636 3695 866 3780 ὑποδέχεσθαι
1023 3754 1038 3777 ,,
1110 3692 1342 3780 ὖποδέχεσθαι

438 3854 454 3879 ,,
473 3816 506 3868 31
531 3855 547 3881 ,,
574 3820 617 3869 19;
637 3797 723 3868 ἀλλὰ
747 3801 809 3890 γὰρ
1025 3856 1039 3881 ,,
1113 3795 1199 3866 ἄλλά
1220 3799 1283 3890 γὰρ

438 3957 454 3982 ,,
473 3920 507 3970 36
533 3959 548 3984 ,,
574 3921 618 3971 12:
638 3901 759 3990 λόγους
1027 3959 1042 3983 .,
1115 3902 1235 3989 λὸγους

439 4049 454 4074 ,,
473 4013 508 4063 38
534 4052 549 4076 ,,
577 4013 622 4064 11:
642 4014 787 4081 sequuntur
1026 4052 1041 4076 „
1114 4012 1248 4079 sequntur.
