3330 5542
735 270 931 333 ..9-

192 467 258 530 loco
275 465 378 529 allatis
396 468 532 550 apparet.
554 467 711 530 Isocratea
727 467 764 530 de
781 469 873 530 certis
888 467 989 530 verbis
1005 467 1220 549 ignominiosis
1232 467 1474 548 quingentarum

194 573 413 637 drachmarum
436 574 569 636 multam
589 574 758 638 constituit.
788 573 879 638 Certa
896 575 980 639 enim
995 576 1050 638 illa
1066 568 1244 661 ἀπόρρητα
1261 574 1357 638 fuisse
1374 575 1475 638 elucet

194 699 230 744 ex
239 679 350 762 Lysiae
367 680 487 744 decima
497 699 538 745 or.
550 701 573 745 c.
584 682 732 745 Theomn.
743 680 887 764 habital)
912 681 1055 745 (litantur
1070 682 1113 746 ibi
1130 684 1182 767 (ἐξ
1194 685 1213 746 6
1226 679 1305 764 sqq.)
1321 683 1355 744 in
1368 673 1474 769 ἄπορ-

194 779 301 872 ῥήτιον
330 788 493 851 nominum
520 808 649 852 numero
677 789 768 853 hacc:
797 778 1014 871 ἀνδροφόνος,
1044 783 1224 874 ῥίψασπις,
1254 782 1474 870 πατραλοίας,

193 886 407 979 μητραλοίας.
453 895 618 959 Praeterea
650 915 730 977 quae
762 897 795 958 in
827 897 915 960 Dem.
949 917 973 961 c.
996 897 1108 961 Eubul.
1136 917 1177 961 or.
1205 898 1223 978 ξ
1247 899 1290 961 30
1321 896 1473 977 legimus:

194 991 305 1077 ἔνοχον
327 989 412 1062 εἶναι
433 1000 477 1086 τῇ
497 996 681 1087 κακηγορίᾳ
699 997 758 1064 τὸν
777 999 835 1088 τὴν
858 997 1015 1088 ἐργασίαν
1037 1000 1071 1066 ἐν
1090 1003 1134 1087 τῇ
1149 994 1257 1088 δγορᾷ
1279 993 1302 1088 ἢ
1321 1001 1387 1065 τῶν
1409 1023 1474 1064 πο-

195 1101 296 1165 λιτιῦν
316 1093 336 1186 ἢ
356 1103 422 1165 τιῢν
443 1100 628 1167 πολιτίδων
648 1095 851 1182 ὀνειδίζοντά
872 1128 948 1177 τινι,
972 1110 1053 1171 certe
1070 1107 1165 1171 etiam
1187 1108 1243 1171 illa
1265 1107 1303 1171 de
1322 1096 1475 1191 ἀπορρή-

193 1231 265 1284 τοις
284 1210 380 1292 lege²l
403 1214 595 1295 praescripta
618 1216 715 1278 erant.
767 1213 869 1291 Quare
895 1234 1087 1297 quamquam
1109 1236 1171 1280 non
1195 1216 1300 1280 omnia
1323 1213 1474 1278 eiusmodi

194 1320 287 1382 verba
309 1320 399 1383 nobis
422 1322 496 1384 nota
512 1323 594 1397 sunt,
617 1315 724 1384 tamen
743 1321 774 1383 in
791 1320 972 1384 universum
988 1323 1192 1386 contumeliae
1208 1341 1278 1386 vere
1301 1323 1474 1404 probrosae,

194 1445 265 1488 cum
288 1427 460 1507 ignominia
484 1428 575 1491 alicui
599 1428 699 1491 factae
716 1428 812 1491 fuisse
829 1429 982 1505 videntur.
1007 1430 1119 1510 quibus
1135 1449 1174 1494 ne
1190 1431 1330 1512 privatus
1348 1429 1475 1512 quidem

194 1534 230 1595 ut
254 1533 463 1616 appellaretur
486 1536 538 1598 lex
561 1536 666 1598 Attica
693 1535 843 1617 permisit.
878 1573 918 1581 -—
951 1536 1037 1600 Alias
1067 1555 1183 1620 easque
1196 1623 1199 1627 ὓ
1214 1537 1343 1601 leviores
1377 1535 1473 1599 fuisse

194 1643 294 1724 putea,
319 1661 398 1722 quae
421 1661 460 1705 ne
484 1642 603 1706 homini
625 1643 694 1705 vivo
717 1641 913 1718 inferrentur,
936 1645 1099 1725 praecepto
1121 1644 1174 1707 illc
1201 1643 1323 1707 Solonio
1347 1644 1473 1706 cautum

195 1750 269 1812 erat.
305 1749 391 1827 Quae
415 1751 484 1812 tum
508 1749 533 1811 si
556 1749 589 1811 in
613 1750 688 1813 locis
712 1751 808 1814 sacris
831 1751 880 1814 vel
902 1751 1034 1832 publicis
1058 1752 1241 1815 commissae
1265 1752 1361 1827 erant
1385 1750 1475 1831 quin-

195 1875 254 1937 que
281 1857 500 1919 drachmarum
521 1858 622 1920 multa
638 1859 929 1939 compensabantur,
953 1859 997 1922 ita
1020 1860 1056 1921 ut
1078 1858 1155 1922 laesi
1171 1878 1233 1922 non
1249 1861 1316 1922 tam
1338 1857 1473 1922 hominis

196 1982 291 2046 quam
313 1965 373 2027 loci
395 1965 455 2027 hac
477 1965 509 2027 in
533 1964 601 2045 lege
624 1965 703 2029 ratic
726 1966 869 2029 videatur
891 1966 996 2030 fuisse.
1042 1965 1208 2030 Praeterea
1229 1965 1381 2046 exiguitas
1403 1983 1475 2046 poe-

194 2091 265 2148 nae,
290 2090 368 2152 quae
392 2071 481 2134 valde
505 2072 660 2154 discrepat
684 2091 702 2135 a
725 2073 824 2155 priore
848 2073 910 2149 illa,
939 2073 1007 2137 luce
1031 2074 1144 2137 clarius
1169 2074 1362 2137 demonstrat
1390 2071 1475 2135 diffe-

194 2179 329 2242 rentiam
356 2179 534 2243 interfuissc
558 2179 639 2242 inter
667 2180 895 2261 obiurgationes
923 2171 1137 2265 ἀπορρήτους
1165 2183 1196 2244 et
1224 2200 1287 2261 eas,
1320 2199 1398 2261 quas
1426 2179 1475 2242 lex

194 2285 319 2350 Solonia
338 2287 447 2350 vetuit.
476 2286 578 2364 Quam
602 2287 655 2368 qui
670 2288 715 2350 ita
732 2286 921 2369 explicanti)
946 2291 981 2351 ut
1005 2288 1100 2351 solius
1124 2289 1271 2370 temporis
1296 2287 1475 2351 discrimine

193 2392 274 2457 facto
305 2394 421 2457 multas
445 2394 482 2456 de
505 2393 628 2457 iniuriis
653 2396 759 2459 auctas
792 2414 859 2458 csse
884 2395 998 2470 dicant,
1023 2396 1201 2459 audaciores
1226 2397 1305 2458 mihi
1329 2395 1475 2458 videntur

194 2500 374 2565 esscHe10.
420 2500 481 2578 Qui
505 2500 659 2564 diversam
682 2502 778 2565 fuisse
802 2503 884 2584 apud
909 2502 1114 2566 Athenienses
1147 2503 1373 2566 calumniarum
1407 2521 1477 2583 gra-

193 2608 323 2672 vitatem
345 2609 446 2690 putat,
469 2608 687 2672 multationem
711 2609 806 2690 igitur
825 2609 978 2673 minorem
1002 2611 1205 2674 constitutam
1229 2630 1295 2674 esse
1320 2610 1357 2672 de
1380 2610 1475 2673 levio-

191 2715 278 2778 ribus
297 2716 571 2797 cbiurgaticnibus
594 2717 744 2780 maiorem
761 2716 797 2780 de
814 2717 1005 2796 gravioribus
1025 2718 1208 2795 maledictis
1232 2718 1323 2782 certis
1348 2717 1473 2780 vocibus

192 2823 424 2886 contumeliosis
449 2823 697 2906 circumscriptis.
744 2822 832 2900 Quod
861 2844 915 2905 per
940 2843 971 2887 se
995 2825 1028 2886 in
1051 2826 1141 2888 tanta
1163 2827 1327 2889 verborum
1350 2825 1475 2907 probro-

192 2948 296 2992 sorum
320 2930 520 2994 multitudine
544 2934 788 2994 consentaneum
812 2932 867 2994 est.
913 2930 1079 2996 Praeterea
1102 2935 1207 2996 autem
1231 2933 1286 3012 eis,
1319 2932 1372 3012 qui
1395 2933 1474 2994 tcm-

191 3036 274 3118 pcris
298 3038 422 3099 tantum
446 3037 546 3120 spatio
571 3037 737 3100 discrimen
760 3038 932 3101 multarum
956 3040 1181 3121 explicandum,
1206 3040 1259 3103 sed
1283 3040 1314 3101 in
1339 3043 1471 3121 utraque

190 3142 258 3223 lege
282 3143 319 3206 de
344 3144 461 3207 eisdem
484 3164 617 3228 poenam
640 3144 794 3207 diversam
819 3146 1022 3209 const‘tutam
1046 3166 1113 3211 esse
1137 3148 1251 3224 dicunt,
1279 3165 1382 3209 nonnc
1406 3146 1471 3208 iure

192 3269 246 3314 suo
270 3250 342 3315 Her.
367 3251 467 3328 obicit,
501 3252 583 3331 quod
607 3251 751 3315 Solonem
776 3253 861 3315 extra
884 3272 1055 3336 paucorum
1076 3256 1214 3318 locorum
1236 3254 1314 3317 fines
1337 3252 1473 3335 impuni-

188 3358 286 3421 tatem
302 3358 498 3440 pollicentem
514 3359 634 3422 faciunt
657 3359 774 3422 eisdem
798 3379 868 3423 vere
892 3362 1047 3443 probrosis
1072 3363 1185 3444 verbis,
1209 3362 1321 3442 quibus
1345 3360 1470 3424 omuino

191 3464 216 3527 si
241 3466 310 3544 quis
326 3485 402 3527 usus
426 3468 517 3541 esset,
542 3485 578 3529 ex
602 3466 700 3529 altera
723 3467 777 3530 illa
799 3468 867 3548 lege
884 3469 983 3533 multo
1007 3470 1102 3532 etiam
1125 3469 1272 3532 maiorem
1289 3469 1321 3530 in
1337 3486 1472 3550 poenam

188 3571 396 3635 incurrisset?
441 3573 542 3635 Tanta
564 3572 670 3653 legum
693 3573 910 3656 discrepantia,
944 3576 1067 3639 etiamsi
1096 3577 1230 3639 maxime
1260 3575 1471 3638 consentimus

189 3697 260 3741 cum
275 3679 362 3743 Boe0.
381 3678 438 3764 (St.
454 3679 493 3743 H.
509 3679 545 3761 1.,
561 3678 639 3761 494)
656 3680 789 3743 multam
809 3681 846 3743 de
870 3670 1075 3766 ἀπορρήτοις
1097 3685 1168 3765 post
1184 3681 1330 3746 Solonem
1345 3668 1472 3744 demum

189 3784 369 3848 inst'tutam
393 3805 469 3863 csse,
492 3787 579 3849 nullo
596 3787 685 3850 modo
702 3788 878 3851 verisimilis
903 3786 991 3869 est.⁴)
1029 3789 1139 3872 Neque
1156 3789 1193 3852 de
1210 3789 1472 3870 significationum

189 3891 390 3956 distinctione
414 3896 469 3970 est,
494 3913 548 3956 cur
564 3895 603 3957 ab
619 3894 706 3958 Her0.
731 3894 961 3958 dissentiamus.
990 3895 1051 3973 Qui
1068 3896 1141 3977 quia
1155 3896 1298 3978 plurimis
1322 3896 1366 3959 eis
1389 3895 1472 3969 locis,

187 3999 242 4062 ubi
266 3999 304 4063 de
328 4000 475 4064 conviciis
492 4001 685 4082 gravioribus
709 4002 773 4065 sive
790 4002 827 4064 de
843 4003 1018 4066 maledictis
1043 4003 1155 4084 agitur,
1177 4003 1232 4079 illi,
1257 4005 1311 4085 qui
1331 4003 1375 4065 eis
1394 4020 1470 4064 usus

279 4213 299 4276 1)
317 4210 350 4264 cf.
370 4211 520 4281 Harpocr.
540 4229 561 4265 s.
580 4231 604 4265 v.
624 4195 803 4290 ἀπόρρητα
819 4225 825 4238 ·
841 4200 915 4268 τίνα
937 4202 974 4268 δὲ
993 4194 1034 4291 ήν
1056 4198 1144 4292 δίπερ
1159 4196 1342 4290 ἀπείρηται
1365 4201 1473 4287 λέγειν

189 4297 237 4378 είς
255 4293 430 4390 ἀλλήλους,
450 4299 619 4392 δεδαίληκε
639 4301 775 4382 Λυσίας
795 4304 830 4369 ἐν
849 4309 898 4390 τῷ
918 4303 1002 4370 κατὰ
1025 4301 1249 4392 Θεομνήστου.
1289 4317 1321 4371 ef.
1340 4317 1425 4370 Dona.
1445 4317 1470 4369 d.

187 4423 238 4460 cor.
259 4409 319 4474 123,
338 4424 360 4460 c.
379 4408 486 4462 Theocr.
506 4412 548 4463 lc.

277 4506 298 4575 ξ)
318 4505 352 4559 cf.
372 4523 402 4559 ea
420 4523 487 4576 quae
505 4507 674 4560 antecedunt:
699 4493 810 4562 καίτοι
836 4491 874 4562 οδ
899 4493 1003 4580 μόνον
1024 4497 1118 4581 παρὰ
1140 4495 1181 4562 τὰ
1204 4496 1408 4586 ψηφίσματα
1429 4493 1470 4561 τ’δι

188 4595 269 4684 περὶ
289 4594 348 4683 τήν
368 4589 493 4682 ἀγορὰν
510 4596 685 4681 διέβαλλεν
705 4595 795 4687 ἡμᾶς
815 4593 1032 4688 Εὐβουλίδης,
1056 4593 1142 4665 ἄλλα
1165 4600 1222 4666 καί
1243 4598 1354 4688 παρὰ
1374 4597 1471 4677 τοὺς

189 4692 355 4782 νόμους,
380 4694 417 4762 οἳ
435 4695 610 4765 κελεύουσι
632 4727 659 4768 κ.
683 4727 710 4768 τ.
731 4702 758 4766 λ.

278 4803 298 4872 ³)
317 4806 349 4856 ut
366 4802 545 4856 Horaldus:
565 4803 758 4860 Animadverss.
777 4807 811 4859 ll.
832 4808 865 4860 13
884 4825 909 4876 p.
930 4809 989 4873 135,
1008 4807 1190 4860 Boocklrius
1209 4808 1254 4876 (z
1272 4807 1356 4873 Boe.):
1376 4807 1414 4860 St.
1434 4807 1468 4860 H.

186 4890 217 4957 Ῑ.,
237 4895 301 4958 402;
320 4892 355 4947 Η.
375 4910 399 4962 p.
420 4896 483 4958 2465
503 4892 546 4946 Pl.
566 4911 591 4962 p.
614 4898 662 4948 192
682 4895 735 4951 alii.

277 4984 299 5048 ⁴)
316 4981 349 5036 cf.
369 4980 400 5036 A.
419 4981 476 5035 Pra
493 4999 518 5052 p.
539 4986 599 5036 631.
