3330 5542
720 265 929 329 ..32.„

186 467 347 552 particulis
370 487 433 532 non
456 469 523 530 tam
546 464 748 530 adversativis
782 482 876 543 quam
905 463 1089 527 conclusivis
1116 464 1166 528 vel
1195 461 1399 542 affirmativis,
1435 467 1473 527 ut

172 558 312 658 μέντοι,
333 571 452 649 τοίννν,
475 565 544 650 οὖν,
566 572 624 638 καί
642 567 717 660 μήν,
742 571 853 634 docent
875 571 903 634 oi
918 571 985 647 leci,
1011 591 1088 652 ques
1106 572 1199 635 Mue.
1224 572 1255 654 (l.
1279 573 1298 636 1.
1322 593 1350 655 p.
1369 575 1389 634 4
1409 570 1473 653 sq.)

187 680 347 764 collegitl)
392 681 437 745 Ut
464 680 576 744 herum
604 678 736 758 denique
766 678 942 741 verberum:
980 675 1039 766 τὴν
1058 678 1119 762 μὲν
1142 670 1201 743 οὖν
1226 671 1326 764 ὀργὴν
1346 678 1404 744 διὰ
1428 677 1472 744 τὰ

187 780 415 871 προειρημένα
436 778 675 872 συνεστήσαντο
699 786 730 866 (ξ
759 784 810 866 15)
835 787 866 848 et
887 785 1014 848 horum:
1039 777 1109 846 οίδε
1123 781 1184 863 μὲν
1200 779 1262 869 γὰρ
1283 779 1418 847 ἅπαντα
1437 828 1472 837 -

189 885 337 977 ἔπραξαν
361 895 393 979 (ξ
412 892 476 976 10),
499 895 544 958 ita
568 894 662 957 etiam
678 891 786 955 multis
804 890 872 954 aliis
888 891 959 973 Lys.
976 890 1079 974 loeis‘)
1095 893 1249 956 contraria
1272 893 1326 954 ilia
1341 891 1474 973 quidem
1546 876 1549 901 ³

186 1003 296 1083 patent
318 1020 376 1064 nec
403 1004 508 1065 tamen
538 1003 701 1072 notantur;
735 998 903 1078 eodemque
935 998 1026 1062 modo
1055 996 1270 1089 πρῶτονμὲν
1300 1001 1332 1084 (ξ
1356 997 1390 1082 3)
1423 999 1474 1061 in-

187 1109 313 1170 venitur
336 1108 418 1184 alibi,
452 1109 497 1171 sie
528 1108 560 1170 in
593 1108 695 1191 prima
727 1105 900 1169 sententiae
929 1108 1016 1188 parte
1050 1105 1232 1181 adhibitum,
1267 1110 1301 1169 ut
1334 1107 1474 1169 alterum

187 1215 363 1277 membrum
386 1215 511 1279 omnine
542 1214 633 1295 absit,
667 1212 720 1276 sed
743 1211 833 1275 facile
858 1212 961 1274 animo
986 1214 1175 1295 suppleatur.
1185 1211 1209 1295 ³)
1255 1212 1357 1291 Quare
1391 1210 1475 1276 hacc

189 1321 374 1385 anacolutha
406 1342 468 1386 nen
497 1323 630 1386 molesta
653 1321 727 1382 sunt
754 1318 816 1381 nisi
840 1338 883 1395 ee,
916 1319 996 1399 quod
1032 1320 1199 1384 admodum
1222 1321 1323 1383 multa
1346 1321 1378 1383 in
1403 1323 1476 1384 tam

187 1429 272 1492 brevi
296 1429 434 1493 oratione
456 1430 573 1493 insunt.
581 1428 606 1510 ⁴)
631 1465 671 1474 --
695 1427 777 1490 Item
799 1424 1001 1489 mult‘tudine
1025 1428 1149 1490 tantum
1171 1427 1379 1510 suspicionem
1402 1447 1476 1491 mo-

186 1538 260 1599 vent
282 1537 376 1599 verba
398 1536 484 1612 haec,
509 1536 656 1612 absolute,
686 1536 722 1597 ut
748 1534 796 1596 ita
817 1532 927 1609 dicam,
957 1537 1121 1617 usurpata:
1146 1523 1298 1618 ὀφείλειν
1326 1533 1359 1619 [ξ
1390 1536 1409 1597 9
1442 1537 1477 1598 et

187 1644 204 1723 ἓ
231 1644 279 1719 12,
304 1642 359 1706 sed
381 1637 449 1727 τὴν
481 1636 620 1727 ζημίαν
645 1632 797 1725 ὀφείλειν
816 1639 847 1722 (ᾖ
873 1636 953 1724 10)),
977 1635 1115 1703 ἐκτίνειν
1140 1642 1171 1727 (ᾗ
1196 1641 1240 1722 9),
1269 1635 1475 1723 πράξασθαι

187 1751 217 1832 (ξ
242 1752 261 1812 6
286 1752 318 1813 et
341 1751 359 1830 ἓ
386 1750 450 1832 12),
474 1745 613 1834 ζημιοῦν
638 1750 669 1833 (ᾗ
695 1750 723 1824 6,
747 1749 764 1828 ᾗ
792 1749 841 1823 11,
870 1748 888 1829 ἓ
915 1746 979 1830 16),
1007 1745 1176 1830 λοιδορεῖν
1202 1749 1234 1833 (ξ
1259 1746 1300 1829 6),
1333 1737 1474 1831 ἀφεῖναι

188 1857 219 1939 (ἐ
244 1861 272 1932 7,
296 1858 315 1938 ἓ
341 1859 390 1933 11,
414 1857 431 1937 5
458 1856 520 1939 12),
544 1845 774 1937 παραδιδόναι
795 1855 831 1937 (ἓ
856 1856 884 1930 6,
909 1856 926 1934 ξ
953 1853 1020 1937 13),
1045 1847 1209 1932 Ινίλιίπτειν
1232 1856 1270 1936 (ἓ
1301 1853 1370 1937 16),
1400 1849 1476 1928 ἑξε-

187 1955 320 2024 λαίνειν
340 1961 484 2045 (§17).⁵)
515 1961 604 2040 Quod
628 1961 738 2025 deinde
763 1962 781 2042 ᾖ
803 1963 842 2024 13
869 1961 908 2024 ad
931 1956 1145 2046 γεγενημένον
1164 1981 1333 2045 pronomen
1358 1951 1474 2032 αὐτόν,

190 2070 207 2150 ξ
235 2071 275 2131 14
300 2069 337 2132 ad
372 2065 492 2145 ζῶντος
522 2071 554 2133 et
586 2060 783 2141 ἐκλιπόντος
815 2069 977 2149 genetivus
1002 2062 1106 2133 αὐτοῦ
1126 2068 1317 2152 supplendus
1342 2070 1399 2143 est,
1432 2087 1474 2131 ne

188 2177 246 2240 boe
270 2177 395 2258 quidem
420 2176 557 2258 offendit,
580 2177 700 2240 cellatis
726 2177 781 2256 cis,
806 2193 885 2257 quae
910 2175 954 2239 St.
978 2177 1045 2260 (l.„
1073 2196 1102 2257 p.
1126 2177 1192 2240 510
1216 2175 1274 2259 sq.)
1299 2176 1336 2239 de
1359 2195 1475 2258 prono

188 2284 325 2348 minibus
350 2285 432 2367 apud
456 2283 526 2366 Lys.
551 2285 590 2347 ed
612 2283 755 2367 partieip.
780 2283 828 2346 vel
853 2282 892 2346 ad
921 2303 989 2364 gen.
1015 2283 1108 2346 absol.
1132 2284 1180 2347 vel
1205 2283 1244 2346 ad
1268 2283 1320 2348 inf.
1345 2283 1474 2365 saepius

190 2391 360 2456 adiciendis
384 2390 561 2475 exposuiti)
606 2392 716 2475 Neque
749 2389 851 2471 magis
884 2391 1077 2454 haerendum
1101 2391 1204 2454 estin
1228 2411 1271 2467 eo,
1301 2389 1383 2472 qued
1408 2393 1427 2472 ἓ
1455 2393 1472 2452 1

188 2499 222 2561 in
255 2500 341 2563 hisee
375 2498 491 2562 verbis:
525 2494 605 2584 περί
647 2490 773 2571 παντὸς
812 2491 917 2560 πλείω
953 2489 1052 2579 λόγον
1091 2487 1112 2583 ἢ
1146 2498 1206 2558 τοῦ
1244 2489 1477 2581 προσήκοντος

190 2608 370 2670 ποιοῦνται
390 2605 577 2688 praepositio
597 2601 678 2690 περί
693 2606 809 2670 omissa
825 2604 915 2688 est37)
938 2625 1013 2670 nam
1029 2605 1078 2669 his
1095 2625 1217 2687 queque
1234 2605 1308 2669 loeis
1324 2603 1413 2682 XVI,
1431 2608 1472 2669 11

280 2763 299 2832 1)
317 2763 350 2818 ef.
369 2764 498 2833 imprimis
524 2762 621 2829 XXIII,
641 2767 669 2829 73
695 2764 804 2831 XXXII,
826 2766 855 2830 13
883 2765 977 2832 [XIV],
1004 2766 1028 2831 1,
1056 2764 1102 2817 ubi
1119 2763 1183 2817 item
1202 2767 1281 2833 atque
1308 2767 1398 2818 nostro
1417 2764 1473 2818 loco

189 2849 304 2934 μέντοι
326 2861 457 2931 particula
474 2861 606 2931 responsio
624 2861 665 2916 fit.

277 2958 299 3025 ²)
317 2955 350 3011 cf.
369 2954 449 3009 Mne.
468 2956 495 3025 (l.
515 2956 533 3009 l.
551 2973 576 3025 p.
597 2955 634 3024 6.)
1541 3014 1543 3021 ,

278 3049 300 3112 ³)
318 3044 351 3100 ef.
379 3044 457 3099 Mue.
485 3045 513 3112 (l.
538 3046 556 3100 l.
579 3063 604 3115 p.
629 3046 664 3114 7).
687 3045 719 3098 A.
739 3046 771 3114 (l.
794 3047 813 3101 1.
836 3065 861 3117 p.
883 3046 935 3116 55),
963 3045 1018 3099 Fri
1041 3046 1068 3116 (l.
1088 3046 1105 3100 l.
1124 3063 1150 3116 p.
1174 3045 1228 3114 23).
1265 3044 1352 3098 Aliter
1370 3063 1428 3100 rem
1446 3063 1471 3101 sc

188 3145 291 3212 habere,
311 3145 333 3198 si
352 3145 425 3214 prius
443 3145 586 3198 membrum
606 3144 686 3197 habet
703 3162 755 3198 non
775 3137 911 3223 πρῶτον
930 3132 1000 3217 μέν,
1020 3145 1066 3199 sed
1083 3131 1125 3199 τό
1147 3133 1207 3214 μὲν
1227 3135 1373 3220 πρῶτον,
1399 3145 1472 3199 deest

189 3239 267 3292 Mne.
287 3237 315 3305 (l.
334 3238 352 3292 1.
371 3256 396 3307 p.
416 3241 432 3291 7
452 3237 513 3306 sq.);
542 3239 600 3290 tum
618 3237 688 3290 enim
706 3238 787 3308 sequi,
816 3239 889 3292 nulla
907 3239 1056 3308 exceptione
1075 3240 1145 3306 data,
1173 3237 1328 3308 particulam
1353 3239 1473 3293 adversa·

190 3328 272 3381 tivum
290 3327 368 3397 idque
387 3326 419 3380 eb
439 3342 495 3378 eam
513 3341 628 3393 causam,
653 3327 722 3396 quod
747 3328 859 3382 alterum
886 3329 1030 3382 membrum
1055 3345 1148 3382 novam
1171 3326 1287 3381 involvat
1305 3329 1472 3382 seutentiam.

190 3426 228 3480 Ut
250 3443 309 3478 cum
332 3425 392 3478 aliis
416 3441 508 3478 novem
526 3425 585 3493 Lys.
611 3425 682 3492 locis,
710 3428 767 3480 tum
786 3443 868 3480 nonae
891 3444 927 3482 er.
947 3430 961 3494 §
981 3432 1006 3482 7.
1025 3427 1163 3480 habemus:
1187 3411 1229 3479 τό
1252 3416 1313 3500 μὲν
1336 3419 1476 3504 πρῶτον

188 3512 333 3583 ἔπειθον
353 3558 398 3564 -
418 3509 626 3604 ἀποροῦντες
646 3517 687 3582 δὲ
710 3543 739 3581 κ.
759 3543 787 3586 τ.
811 3519 840 3583 λ.

279 3634 301 3698 ⁴)
319 3631 410 3700 Neque
428 3633 469 3683 est
487 3631 579 3683 curin
598 3630 669 3684 hisce
688 3633 703 3699 ἓ
723 3633 755 3686 14
775 3633 859 3685 verbis
878 3633 1044 3686 haereamus}
1076 3621 1197 3700 ζῶντος
1226 3621 1295 3705 μὲν
1329 3618 1392 3708 γὰρ
1415 3618 1476 3687 δεδι

189 3750 217 3789 τ.
231 3716 261 3789 ui·
277 3748 305 3786 κ.
319 3748 346 3787 τ.
362 3717 391 3810 ν).
407 3717 596 3801 ἐσχόλαζον,
614 3718 811 3801 ἐκλιπόντος
829 3723 870 3790 δὲ
890 3721 948 3789 τόν
963 3722 1038 3807 βίον
1055 3716 1131 3791 οδτε
1148 3725 1176 3788 λ.
1193 3717 1270 3790 οίίτε
1292 3724 1316 3790 ἕ.
1336 3721 1474 3812 ἔβλαψα

192 3820 311 3893 οὐδένα
331 3850 358 3890 τ.
383 3852 424 3905 νο,
446 3821 509 3906 tigre
533 3824 574 3891 δὲ
595 3824 653 3890 καί
671 3829 812 3892 τοιαῦτα
835 3824 942 3893 εἰπεῖν
962 3853 990 3892 κ.
1012 3853 1040 3892 τ.
1065 3827 1094 3892 λ.
1125 3838 1228 3891 Talium
1259 3840 1328 3891 enim
1355 3838 1472 3909 triparti-

190 3945 277 3994 tarum
295 3939 459 4009 periodorum
478 3939 602 4009 exempla,
622 3940 667 3993 ubi
685 3941 719 3993 ud
737 3941 788 3994 duo
806 3943 922 3996 membra
940 3942 1067 3995 antitheti
1084 3941 1223 4011 particulis
1246 3929 1307 4012 μέν
1330 3930 1385 3997 -δὲ
1401 3943 1468 3996 iuste

190 4043 296 4096 formati
319 4042 427 4095 tertium
451 4043 542 4095 vocula
567 4029 604 4095 δέ
618 4042 780 4110 artiungitur,
799 4044 868 4113 quod
886 4044 1017 4098 sententia
1035 4060 1095 4097 cum
1112 4043 1242 4113 prioribus
1260 4045 1313 4098 illis
1324 4044 1471 4116 opponitur,

191 4140 248 4190 tum
268 4138 357 4189 autem
375 4135 451 4204 quasi
469 4151 499 4187 ea
518 4136 650 4188 concludit
667 4138 694 4188 et
703 4137 822 4203 absolvit,
842 4154 872 4190 ex
882 4138 940 4206 Lys.
951 4155 1000 4192 err.
1013 4138 1096 4191 multa
1115 4137 1208 4191 attulit
1225 4136 1279 4191 Th.
1300 4138 1329 4207 (l.
1345 4140 1361 4194 1.
1376 4157 1401 4210 p.
1417 4140 1473 4205 32.)

281 4228 302 4289 ⁵)
321 4224 353 4279 ef.
373 4223 417 4278 St.
437 4223 491 4292 tt„
510 4241 535 4293 p.
557 4229 608 4280 510
628 4225 677 4295 sq.)

282 4307 302 4375 ὓ)
321 4305 353 4359 cf.
373 4307 388 4373 ξ
410 4308 450 4371 16,
480 4304 524 4357 ubi
542 4304 651 4360 Reisk.
670 4306 740 4360 inter
754 4292 949 4382 βιαζόμενοι
964 4293 1211 4382 βλάπτεινρῐοο.
1233 4295 1293 4381 ἐμέ
1309 4310 1475 4379 interponen-

191 4400 253 4453 duni
272 4416 328 4452 esse
346 4398 513 4467 opinabatur;
532 4398 565 4453 ef.
585 4400 664 4453 etiem
682 4400 745 4455 Fri.
765 4401 792 4471 (l.
812 4403 829 4457 l.
848 4420 873 4472 p.
894 4405 929 4471 7),
948 4402 1009 4456 Foe
1027 4403 1054 4471 (l.
1073 4403 1091 4457 l.
1110 4421 1136 4473 p.
1156 4407 1209 4470 66),
1229 4403 1282 4458 Th.
1302 4403 1363 4470 (1.1.
1382 4421 1407 4472 p.
1418 4405 1473 4472 37),

192 4489 285 4542 deiude
303 4488 467 4544 Bromium
486 4489 530 4557 (ad
547 4489 606 4558 Lys.
626 4507 651 4559 p.
673 4493 724 4557 50),
744 4491 916 4545 Personam
935 4492 978 4560 (ad
996 4491 1086 4562 Eurip.
1105 4488 1201 4548 Phoen.
1222 4512 1245 4547 v.
1266 4495 1336 4558 714).

283 4589 303 4652 ⁷)
321 4589 381 4656 post
407 4572 465 4641 καί
486 4589 643 4658 praepositio
661 4589 757 4643 iterata
775 4594 816 4644 est
833 4591 861 4645 in
879 4591 951 4645 hisce
970 4593 984 4659 ξ
1006 4597 1038 4645 14
1056 4593 1155 4647 verbis:
1175 4580 1232 4646 διὰ
1252 4578 1310 4670 τὴν
1330 4573 1475 4667 ἆνοίγκην

192 4679 249 4744 καί
272 4675 337 4744 διὰ
357 4674 415 4766 τὴν
437 4673 570 4766 ἡλικίαν
590 4690 652 4760 (uisi
677 4709 736 4745 curn
762 4694 888 4746 Debreo
907 4693 1029 4747 hocloco
1052 4696 1149 4749 rectius
1168 4696 1205 4748 sic
1229 4691 1393 4748 scribendum
1418 4696 1473 4747 est:

192 4775 317 4870 ἀνάγκη
350 4779 406 4847 διὰ
437 4779 496 4872 την
530 4777 686 4873 ἡλικίαν),
716 4797 777 4864 post
806 4781 929 4849 καί-
950 4782 1008 4850 καί
1031 4797 1059 4850 in
1084 4797 1155 4851 hisce
1182 4799 1257 4865 §la
1287 4797 1384 4850 verbis:
1417 4783 1474 4850 καί

192 4882 276 4950 κατὰ
303 4881 382 4962 τοὺς
409 4879 531 4967 νόμους
550 4885 608 4952 καί
629 4884 728 4952 κατὰ
749 4884 787 4952 τό
812 4880 908 4964 εἰκός.
952 4899 985 4953 cf.
1005 4899 1048 4955 St.
1074 4900 1137 4969 (l.·,‚
1156 4917 1181 4969 p.
1202 4905 1265 4965 5153
1289 4917 1315 4954 n.
1335 4902 1363 4965 4)
1386 4902 1414 4952 et
1432 4898 1471 4955 ed.

193 4989 309 5043 Frohb.
328 4989 363 5056 Π,
382 4988 416 5042 ad
434 5007 470 5045 or.
489 4991 522 5058 X,
541 4996 557 5046 7
577 5009 635 5061 app.
