3330 5542
723 311 764 320 ..
807 228 934 340 55,-

188 475 393 556 stringuntur.
440 471 581 549 Quocum
604 473 756 556 congruit,
780 474 861 556 quod
884 474 1024 538 iudicum
1041 471 1264 556 appellationes
1289 471 1320 533 et
1341 469 1469 533 nomina

187 582 311 666 propria
334 581 473 645 vitantur
505 582 537 643 et
568 574 751 664 μαρτυρίαι
783 582 833 645 vel
866 572 963 660 νόμοι
995 582 1028 644 in
1061 580 1197 643 oratione
1230 577 1351 642 decima
1374 577 1470 641 allata

188 691 277 754 anxie
300 689 512 773 repudiantur.
546 687 633 751 Adde
659 688 749 771 quod,
773 709 845 753 cum
868 690 1028 772 complura
1050 688 1196 751 misceret
1218 687 1383 768 excerptor,
1408 685 1470 749 dis-

187 798 300 882 positio
334 796 534 880 aliquatenus
566 797 711 879 corrupta
743 798 805 871 est;
844 799 875 861 et
906 797 1003 861 habes
1039 796 1072 859 in
1104 795 1286 858 universum
1319 793 1469 876 epitomes

187 906 367 987 imaginem.
394 943 434 950 —
459 903 561 982 Quam
585 903 675 967 aliter
697 922 748 967 res
771 922 839 968 sese
862 904 895 967 in
918 907 1026 968 nostra
1049 904 1187 967 oratione
1210 901 1368 984 praebent.
1407 899 1469 964 Ubi

188 1014 324 1098 primum
347 1011 547 1096 prooemium,
572 1010 683 1075 deinde
707 1027 759 1075 eas
782 1011 1002 1096 paragraphos
1027 1011 1140 1094 quibus
1155 1009 1332 1091 Polyaenus
1354 1026 1469 1089 magno

189 1141 261 1184 cum
285 1119 392 1183 ardore
416 1138 449 1182 se
473 1120 581 1184 contra
605 1121 799 1183 accusatores
823 1120 917 1183 vertit
939 1119 991 1204 (55
1017 1121 1058 1182 15
1076 1114 1168 1201 sqq),
1191 1135 1280 1201 porro
1305 1115 1469 1199 epilogum,

190 1227 302 1311 quibus
325 1227 358 1289 in
381 1227 522 1308 partibus
545 1226 591 1289 nil
614 1225 677 1290 fere
694 1244 811 1307 eorum,
836 1246 915 1310 quae
931 1226 1139 1310 proferuntur,
1162 1225 1254 1308 plane
1279 1224 1318 1288 ad
1342 1242 1469 1288 causam

187 1335 289 1418 ipsam
304 1334 448 1417 pertinet,
463 1335 589 1398 tantum
606 1334 702 1410 abest,
717 1335 754 1397 ut
768 1334 963 1415 negligenter
978 1333 1158 1398 tractaverit
1174 1334 1276 1397 orator
1287 1332 1336 1396 vel
1352 1332 1470 1396 coarta-
1537 1332 1539 1336 ’

188 1441 279 1523 verit,
294 1443 331 1505 ut
346 1441 391 1505 eis
407 1442 534 1506 uberius
551 1441 746 1506 absolvendis
761 1441 916 1524 imprimis
933 1460 1059 1525 operam
1075 1440 1197 1504 dedisse
1213 1439 1362 1503 videatur.
1387 1436 1471 1514 Qua·

188 1568 259 1613 rum
274 1549 497 1612 verbositatem
512 1549 544 1610 in
560 1566 676 1630 magna
692 1549 920 1612 sententiarum
935 1548 1067 1633 penuria
1082 1548 1259 1630 excerptori‚
1276 1546 1329 1629 qui
1345 1545 1471 1609 mutila-

189 1658 241 1734 vit,
265 1677 328 1721 non
350 1655 558 1740 amplificavit,
583 1657 669 1719 nullo
693 1655 785 1719 modo
810 1656 946 1720 tribuere
970 1656 1050 1720 licet.
1099 1654 1160 1719 Sed
1180 1673 1220 1719 ne
1242 1653 1470 1734 argumentatio

190 1765 317 1849 quidem
340 1765 490 1848 epitomes
506 1763 639 1846 vestigia
661 1765 809 1847 praestat.
840 1763 924 1826 Nam
947 1762 1095 1847 inpriore
1113 1763 1283 1846 eiusparte
1307 1763 1339 1825 et
1362 1761 1471 1824 eadem

189 1872 346 1936 sententia
361 1871 409 1935 bis
426 1871 578 1935 tractatur
595 1873 626 1935 01
647 1871 816 1935 admodum
839 1871 940 1934 multa
959 1871 1054 1934 verba
1077 1871 1114 1934 de
1139 1869 1248 1935 eadem
1270 1887 1303 1932 10
1326 1868 1415 1944 fiunt,
1438 1868 1471 1930 in

190 1978 327 2043 secunda
341 1979 500 2055 nonnulla,
522 1998 602 2063 quae
617 1999 680 2043 non
697 1979 781 2043 clara
797 1981 881 2060 sunt,
901 1978 1014 2041 lacuna
1029 1978 1085 2041 illa
1101 1996 1119 2040 a
1134 1976 1223 2040 nobis
1242 1995 1337 2058 supra
1353 1977 1472 2040 statuta

189 2087 266 2150 satis
283 2088 476 2152 excusantur.
510 2087 676 2151 Praeterea
693 2088 799 2150 autern
814 2087 873 2150 hac
891 2085 924 2149 in
947 2087 1035 2169 parte
1051 2087 1088 2148 ut
1111 2085 1206 2148 etiarn
1229 2084 1262 2146 in
1285 2083 1471 2160 narratione,

190 2214 270 2278 quae
303 2214 391 2270 sane,
434 2213 627 2278 quamquam
663 2194 709 2258 nil
745 2213 848 2278 neque
886 2193 925 2257 ad
964 2193 1117 2258 actionem
1152 2193 1254 2276 ipsam
1291 2210 1392 2275 neque
1433 2190 1472 2254 ad

188 2321 237 2366 res
271 2304 343 2366 ante
375 2303 464 2366 litem
496 2302 594 2366 factas
626 2303 838 2367 necessarium
874 2301 999 2366 omnino
1028 2300 1123 2378 deest,
1152 2300 1240 2364 valde
1273 2319 1381 2382 pressa
1413 2301 1471 2381 est,

188 2409 279 2472 illum
301 2409 413 2492 ipsum,
448 2410 502 2494 qui
530 2411 701 2476 orationem
732 2411 814 2486 fecit,
845 2409 990 2474 brevitati
1024 2408 1181 2472 studuisse
1213 2408 1381 2472 verisimile
1415 2409 1471 2484 est,

190 2516 280 2599 quod,
307 2518 344 2580 ut
365 2516 512 2595 vidimus,
536 2517 663 2581 affectus
686 2518 826 2582 iudicum
848 2516 1000 2580 movendo
1032 2516 1134 2597 magis
1167 2535 1199 2579 se
1225 2514 1379 2598 Polyaeno
1402 2534 1473 2598 pro-

189 2622 331 2687 futurum
363 2643 431 2688 esse
464 2625 602 2708 speravit
626 2644 722 2709 quam
750 2625 915 2706 diligenter
946 2624 1102 2687 narrando
1134 2624 1183 2687 vel
1216 2622 1471 2704 argumentando.

188 2729 319 2794 Accedit
343 2732 425 2815 quod
447 2733 480 2795 in
504 2733 668 2797 undecima
692 2733 829 2796 oratione
854 2735 886 2796 in
902 2732 1083 2796 universum
1107 2733 1316 2813 excerptorem
1340 2731 1471 2795 eandem

188 2839 342 2904 rationem
373 2839 445 2903 inde
470 2860 488 2902 a
510 2839 612 2923 prima
644 2859 743 2923 usque
775 2839 814 2903 ad
847 2840 993 2904 ultimam
1015 2840 1248 2922 paragraphum
1272 2839 1472 2902 adhibentem

189 2945 350 3024 sentimus,
374 2949 407 3009 in
431 2949 538 3010 nostra
562 2950 667 3012 autem
690 2949 828 3030 partium
845 2947 1040 3028 singularum
1063 2946 1236 3030 proprietas
1260 2945 1472 3009 diversissima

190 3055 238 3116 est
261 3056 292 3118 et
315 3072 369 3119 eae
393 3055 487 3137 ipsae,
513 3073 592 3137 quae
616 3055 739 3119 facilius
762 3056 907 3138 poterant
930 3054 1069 3118 contrahi
1086 3054 1250 3137 magisque
1275 3072 1355 3137 quae
1378 3048 1473 3116 mutiss

188 3161 329 3226 larentur
343 3163 473 3227 idoneae
490 3163 587 3239 erant,
607 3162 733 3226 uberius
748 3163 926 3226 narratione
949 3163 1102 3226 tractatae
1126 3163 1215 3236 sunt;
1238 3161 1270 3224 id
1296 3160 1378 3244 quod
1401 3179 1473 3244 pro·

189 3268 322 3334 babilius
347 3289 383 3334 ex
406 3271 513 3334 nostra
537 3272 694 3334 sententia
709 3271 800 3335 modo
816 3270 972 3353 descripta
995 3271 1140 3352 explicari
1163 3289 1253 3352 posse
1276 3270 1351 3351 puto
1377 3287 1473 3352 quam

189 3374 286 3442 eSti.
333 3376 394 3455 Qui
424 3396 575 3459 magnum
607 3378 774 3442 discrimen
807 3379 888 3442 inter
911 3378 1070 3461 prooemii,
1103 3379 1141 3459 55
1175 3379 1215 3440 ib
1248 3396 1325 3460 sqq,
1360 3375 1472 3458 epilogi

189 3484 221 3545 et
242 3484 444 3567 narrationis,
468 3486 748 3567 argumentationis
764 3489 912 3550 naturam
930 3505 997 3550 esse
1014 3485 1192 3562 concedens,
1217 3504 1297 3562 eum,
1322 3484 1375 3565 qui
1391 3484 1472 3546 hanc

188 3590 360 3654 orationem
383 3591 415 3654 in
440 3592 594 3674 epitomen
618 3593 797 3676 redegisset,
820 3613 883 3657 non
907 3593 983 3657 item
1006 3592 1076 3656 illas
1101 3595 1195 3675 atque
1217 3592 1275 3656 has
1299 3592 1472 3673 corrupisse

189 3696 274 3780 dicit,
298 3699 382 3780 quod
405 3700 557 3764 rhetorico
582 3700 796 3765 abundassent
818 3703 937 3765 ornatu.
973 3700 1069 3775 Cuius
1086 3719 1158 3764 eum
1175 3699 1350 3764 studiosum
1366 3698 1470 3762 fuisse.

188 3803 275 3882 Quae
299 3804 402 3888 opinio
433 3805 595 3889 repellitur
622 3807 675 3883 cic,
709 3827 788 3891 quae
823 3807 867 3872 St.
900 3809 967 3892 ipse
999 3807 1211 3889 disputatione
1244 3825 1303 3870 sua
1335 3808 1472 3870 extrema

188 3912 325 3993 protulit.
372 3913 435 3978 Ubi
459 3933 494 3979 ex
518 3932 562 3990 eo,
586 3915 668 3997 quod
692 3933 733 3979 or.
757 3912 851 3993 VIH,
882 3934 978 3998 quam
1000 3917 1037 3978 ut
1059 3915 1200 3977 nostram
1223 3914 1379 3996 epitomen
1403 3932 1471 3977 esse

189 4017 355 4097 existimat,
388 4041 429 4085 01.
452 4020 518 4103 IX,
551 4041 592 4086 or.
620 4021 662 4085 X.
692 4022 809 4086 similes
843 4022 1021 4107 suppositae
1055 4023 1129 4086 sunt
1161 4040 1284 4103 causae,
1316 4021 1472 4085 concludit

189 4129 398 4209 excerptorem
415 4148 472 4194 orr.
488 4129 567 4193 tales
583 4129 654 4193 lites
670 4131 842 4194 tractantes
866 4133 1030 4205 coartasse
1047 4131 1083 4192 ut
1097 4126 1307 4212 κακηγοριῶν
1331 4128 1472 4211 exempla

189 4232 247 4296 sibi
271 4234 436 4315 colligeret.
483 4234 571 4312 Quod
595 4237 622 4300 si
646 4237 893 4314 concederemus,
926 4237 990 4301 veri
1019 4234 1266 4300 dissimillimum
1293 4236 1377 4298 esset
1399 4253 1471 4298 eum

187 4338 245 4403 hoe
267 4343 334 4405 tam
357 4341 479 4407 diversa
501 4345 620 4408 ratione
644 4345 801 4409 facturum
823 4345 929 4423 fuisse,
961 4345 1054 4408 utin
1077 4362 1119 4406 or.
1142 4340 1183 4406 X.
1208 4358 1329 4418 causae,
1361 4341 1394 4404 in
1417 4341 1470 4406 IX.

189 4448 296 4511 autem
319 4449 371 4527 eis,
397 4469 485 4534 quae,
519 4452 601 4534 quod
629 4455 715 4515 extra
738 4470 866 4516 oausam
890 4453 987 4527 erant,
1020 4451 1053 4513 in
1085 4450 1140 4512 illa
1173 4449 1300 4513 oonsilio
1334 4448 1470 4527 evitavit,

188 4573 314 4638 operam
338 4556 433 4634 deret,
466 4559 651 4641 praesertim
684 4579 755 4623 cum
788 4560 884 4623 etiam
915 4559 948 4621 in
971 4559 1007 4623 X.
1042 4577 1082 4622 or.
1116 4557 1217 4620 multa
1248 4556 1357 4638 insint,
1390 4577 1470 4641 quae

189 4661 358 4726 oratorium
380 4667 741 4746 11110111010111111111.Ι
773 4666 893 4730 Deinde
917 4668 1023 4730 autem
1051 4685 1132 4741 eum,
1166 4664 1220 4748 qui
1243 4683 1354 4728 causas
1378 4684 1471 4746 quas-

189 4767 262 4833 dam
285 4770 517 4853 conquisiturus
541 4774 597 4848 est,
620 4792 683 4836 non
706 4774 773 4836 tam
795 4773 828 4836 id
850 4774 1020 4852 intendere,
1049 4774 1085 4834 ut
1108 4770 1258 4835 breviario
1281 4771 1470 4835 rhetoricum

187 4876 309 4939 cultum
333 4878 486 4953 adhibeat,
520 4879 574 4942 sed
606 4881 643 4942 ut
674 4899 709 4943 eo
732 4881 872 4962 neglecto
906 4900 955 4943 res
978 4882 1104 4944 tantum
1137 4881 1176 4945 ad
1209 4897 1337 4944 causam
1368 4878 1470 4960 ipsam

188 4985 365 5065 spectantes
388 4985 529 5063 retineat,
561 5005 617 5069 per
649 5005 682 5050 se
714 4988 779 5050 iam
802 4986 961 5069 probabile
994 4989 1049 5054 est.
1105 4988 1155 5052 Ita
1189 4986 1238 5051 St.
1272 5004 1379 5049 secum
1402 4985 1469 5067 ipso
