3330 5542
726 331 938 396 ..33-

190 527 285 615 (περὶ
303 521 425 611 κύβους
444 520 464 612 ἢ
484 522 632 611 πότους),
657 527 734 604 Χ,7
759 521 811 612 (ού
840 529 1005 619 περὶτῶν
1037 523 1209 614 ὀνομάτων
1243 527 1474 618 διαφέρεσθαι

189 625 276 696 atta
303 635 361 720 τῆς
386 627 513 695 τούτων
539 629 712 716 διανοίας),
740 635 809 713 VH,
836 638 875 700 15
901 635 971 716 (νῦν
997 625 1070 698 d'oa'·
1095 633 1177 721 περὶ
1209 629 1363 722 αἰσχύνης
1388 627 1474 698 οἰλλδι

188 745 250 830 τῆς
278 740 436 828 μεγίστης
470 738 588 829 ζημίας
622 738 856 825 ἐκινδύνευον),
888 742 1004 820 XXVI,
1040 746 1078 805 11
1114 743 1207 830 (περὶ
1242 741 1328 827 ἐμοῦ
1360 736 1381 830 ἢ
1414 746 1476 807 τοῦ

191 844 343 935 πατρός),
366 846 485 925 XVIII,
511 849 529 910 6
559 848 629 931 (καί
654 846 712 914 διὰ
734 847 813 928 τούς
842 845 1029 936 προγόνους
1055 849 1112 914 καί
1139 843 1261 934 αὐτόν),
1289 849 1407 926 XVIII,
1434 851 1473 913 13

190 951 262 1035 (καί
284 948 372 1037 πρὸς
392 949 471 1029 τοδς
491 949 634 1030 πολίτας
650 952 708 1018 καί
724 951 803 1031 τοὺς
823 951 957 1038 ξένους),
982 955 1083 1039 [ΧΧ],
1108 959 1129 1020 4
1153 946 1188 1042 (ἢ
1216 948 1320 1019 αὐτοῦ
1341 946 1476 1040 tranat*

189 1064 256 1126 τῶν
273 1059 418 1145 παίδων)
441 1063 628 1145 praepositio
651 1064 862 1148 πορεύωμαι
879 1062 963 1147 ests)
991 1065 1164 1128 Abhorrere
1189 1065 1296 1127 autem
1321 1082 1339 1126 a
1361 1062 1474 1144 Lysiae

190 1169 414 1233 consuetudine
439 1170 570 1252 videtur,
594 1172 677 1252 quod
699 1172 732 1235 in
755 1172 840 1237 hisoe
864 1173 882 1253 ξ
907 1173 926 1235 3
951 1171 1069 1236 verbis:
1094 1169 1174 1257 περὶ
1189 1173 1250 1235 τοῦ
1272 1165 1477 1259 ἐγκλήματος

191 1268 238 1340 ού
258 1275 337 1364 περὶ
359 1278 420 1341 τοῦ
441 1274 570 1364 τρόπον
594 1279 745 1362 oppositio
770 1279 902 1344 efficitur
924 1297 980 1362 per
1003 1277 1132 1360 simplex
1158 1266 1212 1352 ού;
1241 1296 1296 1361 pro
1320 1296 1389 1357 quo,
1412 1295 1475 1338 uno

188 1384 350 1466 praeterea
383 1386 507 1467 excepte
530 1386 596 1450 loeo
625 1385 776 1469 (XXVII,
807 1389 862 1461 16;
886 1386 939 1450 ubi
962 1385 1111 1467 legimus:
1138 1378 1272 1472 dydpoo,
1295 1376 1334 1448 οὐ
1353 1380 1474 1470 δίκην),

190 1509 316 1572 semper
339 1481 410 1554 ἀλλ’
436 1483 475 1556 οδ
497 1492 627 1573 Lysiam
651 1494 751 1558 dieere
783 1495 880 1585 0,(1.
904 1495 923 1558 1.
947 1514 976 1577 p.
1001 1489 1059 1574 59)
1087 1492 1201 1556 monet.
1247 1490 1367 1553 Deinde
1393 1489 1475 1571 quod

189 1592 249 1661 dds
271 1615 442 1680 pronomen
467 1601 498 1685 et
521 1601 539 1681 ξ
559 1602 574 1663 1
601 1602 633 1664 et
656 1602 783 1683 §7pro
807 1590 906 1678 οὗτος
921 1601 959 1664 de
977 1599 1232 1663 antecedentibus
1257 1597 1375 1662 dietum
1391 1595 1477 1680 esta)

193 1704 322 1767 minime
368 1723 440 1768 oum
479 1725 619 1772 sermone
657 1707 788 1789 LysIaoo
825 1726 992 1789 congruere
1032 1706 1092 1771 St⁰
1130 1704 1360 1769 concedendum
1393 1701 1477 1787 esti)

188 1810 283 1875 Porro
305 1831 361 1895 pro
385 1804 486 1892 λόγον
507 1816 689 1877 ποιεῖσθαι
721 1816 754 1899 (ξ
780 1813 812 1898 1)
835 1817 958 1900 praetor
990 1813 1091 1891 XXX,
1117 1815 1157 1875 15
1193 1831 1315 1895 semper
1342 1811 1476 1892 legimus

192 1918 274 2001 apud
297 1918 440 2000 Lysiam:
465 1918 569 2003 (τούς)
592 1913 729 2003 λόγους
751 1926 932 1986 ποιεῖσθαι
954 1921 1004 2004 (of.
1028 1921 1122 1985 huius
1146 1940 1187 1984 or.
1214 1922 1231 2000 ξ
1256 1917 1328 2002 2).⁴)
1340 1917 1365 2000 ⁵)

283 2044 331 2105 Ab
356 2062 392 2107 ea
415 2044 540 2125 virtute,
565 2062 660 2127 quam
684 2044 847 2125 seeundo
870 2046 950 2110 looo
974 2047 1005 2130 (l.
1029 2047 1048 2111 l.
1068 2066 1093 2110 α.
1110 2043 1144 2128 3)
1167 2045 1336 2127 Dionysius
1360 2043 1477 2126 hisoess)

190 2151 313 2214 laudat:
347 2141 465 2233 ἑτέραν
486 2139 616 2212 δὀύδέν
638 2135 763 2212 έλοίττω
785 2143 908 2238 ταύτης
932 2142 1053 2238 ἀρετὴν
1075 2147 1199 2213 πολλοὶ
1221 2148 1282 2230 μέν
1307 2141 1478 2235 ἐζήλωσαν

189 2256 256 2318 τῶν
274 2250 358 2318 κατὰ
380 2250 439 2319 τδν
459 2246 560 2319 αύτδν
578 2248 697 2341 χρόνον
721 2246 949 2336 ἀκμασάντων,
973 2249 1084 2333 ούδείς
1103 2255 1139 2320 δέ
1159 2248 1381 2342 βεβαιότερον
1398 2253 1478 2319 έπε-

192 2353 343 2434 δείξατο·
360 2352 411 2434 τίς
432 2350 553 2423 δ’έστιν
575 2353 673 2445 αὕτη,
696 2352 714 2447 ἡ
734 2356 802 2423 διδ
827 2362 906 2422 τῶν
926 2356 1071 2445 κυρίων
1090 2383 1131 2424 τε
1155 2357 1222 2422 καί
1244 2360 1388 2421 κοινίῦν
1409 2355 1478 2420 καί

191 2458 232 2524 έν
251 2457 355 2544 μέσῳ
377 2459 577 2541 κειμένων
596 2453 801 2544 ὀνομάτων
822 2459 1051 2549 ἐκφέρουσα
1071 2458 1115 2526 τδι
1137 2456 1340 2549 νοήματα.
1357 2455 1477 2547 ἥκιστα

188 2560 252 2649 γὰρ
276 2554 317 2628 ἰίν
337 2585 388 2639 τις
410 2559 505 2650 εύροι
527 2561 662 2630 Λυσίαν
687 2567 836 2652 τροπικῇ
859 2560 985 2653 φράσει
1008 2559 1234 2653 χρησάμενον.
1251 2563 1308 2629 καί
1335 2557 1394 2628 ούκ
1419 2561 1478 2627 έπί

189 2661 296 2750 τούτῳ
317 2660 422 2749 μόνον
444 2664 594 2732 ἐπαινεῖν
609 2659 714 2744 ίίξιον,
737 2659 809 2732 ἄλλ’
826 2662 881 2733 δτι
903 2666 972 2733 καί
992 2668 1162 2755 περιττὰ
1183 2666 1249 2732 καί
1270 2664 1391 2749 σεμνὰ
1412 2665 1478 2730 καί

192 2764 343 2854 μεγάλα
371 2765 600 2855 φαίνεσθαι
628 2767 676 2835 τὰ
704 2765 917 2856 πράγματα
947 2776 1062 2836 ποιεῖ
1092 2776 1178 2848 τοῖς
1206 2764 1478 2846 κοινωτοίτοις

189 2866 391 2960 χρώμενος
426 2864 599 2957 ὀνόμασι
634 2871 701 2938 καί
739 2877 956 2962 ποιητικῆς
989 2866 1054 2953 οὐχ
1090 2867 1320 2957 ἁπτόμενος
1354 2897 1478 2937 κατα-

190 2979 335 3062 σκευῆς
364 3017 409 3024 -
435 2969 563 3057 ὁμοίως
592 2975 628 3041 δέ
658 2982 729 3053 τοῖς
757 2972 909 3054 ἰδιώταις
933 2975 1155 3058 διαλέγεσθαι
1185 2977 1293 3040 δοκῶν
1322 2976 1479 3041 πλεῖστον

190 3076 272 3147 ὅσον
295 3075 433 3147 ἰδιώτου
456 3080 635 3169 διαφέρει·
659 3083 716 3148 καί
737 3077 808 3148 έστι.
832 3083 991 3168 (Reiskii
1014 3102 1069 3167 pro
1098 3079 1175 3148 έπεί
1198 3082 1329 3152 eonieet.
1354 3084 1477 3165 sequor)

189 3181 333 3272 ποιητὴς
375 3179 569 3271 κράτιστος,
616 3185 796 3275 λελυμένης
829 3185 864 3252 έκ
907 3186 1030 3275 μέτρου
1064 3184 1200 3264 λέξεως,
1239 3182 1349 3252 ἰδίαν
1389 3185 1475 3252 τινὰ

191 3284 299 3374 λύγων
320 3284 469 3379 εύρηκαίς
489 3286 726 3378 ἁρμονίαν,7)
758 3281 782 3382 ᾗ
810 3292 852 3359 τὰ
890 3287 1039 3377 ὀνόματα
1074 3300 1192 3377 κοσμεῖ
1225 3317 1262 3357 τε
1286 3293 1343 3359 καί
1364 3288 1479 3380 ἡδύνει

191 3395 295 3485 μηδέν
316 3391 430 3477 έχοντα
454 3390 601 3482 ὀγκῶδες
620 3400 705 3488 μηδέ
721 3395 884 3488 φορτικόν
909 3426 937 3465 κ.
957 3425 984 3466 τ.
1010 3401 1050 3476 λ,
1081 3402 1219 3484 primum
1234 3401 1295 3463 tria
1314 3401 1478 3464 nominum

193 3521 306 3583 genera
330 3505 433 3568 aliena
456 3525 542 3571 esse:
576 3503 728 3590 γλώσσας
759 3508 875 3593 (prisea
901 3508 1018 3591 verba),
1052 3506 1265 3594 πεποιημένα
1297 3510 1391 3591 (quae
1424 3510 1479 3570 aut

191 3610 283 3693 plane
316 3631 396 3676 nova
429 3616 583 3697 apparent
611 3617 666 3678 aut
697 3617 823 3680 notione
855 3616 1048 3698 usurpantur
1079 3612 1257 3695 inusitata),
1290 3615 1398 3678 διπλᾶ
1428 3615 1478 3677 vel

192 3790 513 3800 ——-—-——-—

284 3895 302 3964 Ι)
320 3895 354 3950 of.
373 3896 418 3952 St.
438 3898 496 3967 (1,,
515 3917 540 3968 p.
562 3899 620 3965 5023
644 3916 670 3952 n.
692 3899 726 3967 1.)

282 3983 303 4052 ²)
336 3984 355 4039 f.
375 3987 389 4053 ἓ
411 3992 441 4041 11
463 3990 522 4056 ot}
544 3992 590 4054 19;
618 3989 664 4042 ubi
691 3988 799 4042 molesta
826 3991 960 4057 praeterea
978 3987 1095 4055 ferimus,
1123 3988 1199 4058 qued,
1228 3986 1300 4041 nullo
1328 3986 1477 4039 discrimine

192 4082 270 4152 facto,
290 4069 361 4137 οἰδα
381 4087 455 4140 modo
482 4087 516 4140 ad
543 4087 719 4157 imperatores,
745 4087 800 4157 (qui
826 4087 926 4153 deinde,
950 4089 964 4155 ξ
989 4091 1032 4154 20,
1056 4088 1083 4139 in
1109 4087 1181 4139 hisee
1199 4087 1296 4139 verbis:
1330 4069 1477 4138 τούτοιν

197 4169 403 4242 ἀδικούντων
418 4188 623 4258 intelliguntur)
640 4191 717 4243 modo
735 4191 769 4243 ad
787 4193 936 4260 quaestores
954 4188 1117 4243 referendum
1135 4191 1183 4244 ast.

282 4282 302 4351 ³)
321 4280 354 4336 of.
375 4283 420 4337 st.
439 4287 497 4350 (.„
516 4301 541 4353 p.
563 4287 612 4338 501
633 4287 660 4336 et
679 4301 704 4354 p.
726 4287 796 4349 525).
840 4305 843 4311 ’

285 4373 307 4438 ⁴)
326 4370 359 4424 ef.
378 4371 636 4427 Rauohenstein.
656 4373 700 4441 (ad
718 4360 785 4439 ΧΠ,Ι
798 4374 824 4441 2)
843 4375 870 4425 et
888 4371 931 4428 St.
950 4373 977 4441 (l.
990 4406 1008 4438 „
1026 4391 1052 4441 p.
1073 4374 1143 4438 502),
1374 4436 1377 4442 ⁴

243 4533 245 4539 ρ
286 4473 307 4537 ⁵)
325 4470 428 4538 Restat,
446 4473 479 4524 ut
497 4471 562 4525 haec
580 4471 688 4524 addam:
709 4453 900 4543 οἰγανακτέιυ
919 4472 1034 4538 verbum,
1053 4470 1123 4540 quod
1141 4469 1259 4523 absoluto
1277 4469 1337 4536 (ia.
1357 4471 1412 4523 sine
1434 4455 1476 4536 εἰ)

194 4566 350 4633 usurpatum
359 4564 507 4618 invenimus
518 4566 533 4633 ξ
544 4569 559 4619 4
571 4566 622 4632 et§
633 4568 676 4633 20,
695 4564 799 4634 saepius
808 4565 845 4618 itu
856 4582 872 4618 a
882 4565 943 4633 Lys.
953 4564 1052 4617 dietum
1062 4567 1114 4629 est,
1134 4561 1167 4616 ef.
1186 4562 1242 4616 No.
1261 4562 1288 4632 (l.
1308 4564 1325 4618 l.
1341 4581 1366 4633 p.
1383 4569 1406 4630 9,
1422 4581 1475 4617 su.

193 4643 417 4736 σίγανακτέιο);
440 4645 529 4740 παρ’
550 4647 643 4736 ὑμῶν
658 4666 754 4729 autem,
774 4664 842 4733 quod
860 4664 959 4732 legitur
977 4664 992 4730 ξ
1012 4666 1045 4716 20
1064 4678 1122 4731 pro:
1153 4643 1214 4736 ὑφ’
1234 4644 1327 4732 ὑμῶν
1347 4657 1477 4738 [στερη-

195 4755 271 4832 θεὶς
291 4757 352 4820 τοῦ
370 4751 526 4833 δικαίου,
549 4765 666 4819 dafenus
684 4766 747 4819 nra
765 4766 793 4835 (1.
812 4766 831 4820 1.
850 4783 875 4835 p.
895 4770 938 4832 aa,
958 4765 991 4818 aa
1009 4765 1068 4833 Lys.
1087 4763 1135 4831 nr,
1156 4766 1209 4829 aa).

285 4860 306 4919 0)
326 4859 359 4913 ef.
379 4860 455 4913 Dion.
475 4860 500 4914 d.
520 4860 594 4914 Dem.
614 4877 635 4913 o.
656 4863 684 4924 4;
704 4858 757 4914 Cio.
777 4876 813 4912 or.
833 4863 862 4925 93
882 4858 934 4912 Cio.
954 4859 1029 4912 Brut.
1050 4861 1074 4924 9,
1097 4861 1142 4924 16;
1163 4856 1252 4921 Quint.
1274 4860 1315 4923 10,
1337 4864 1359 4922 1,
1379 4861 1421 4910 78.

284 4949 303 5017 ⁷)
321 4948 355 5004 of.
373 4950 451 5003 Dion.
471 4949 503 5003 de
521 4949 596 5003 Dem.
623 4948 672 5002 die.
692 4949 718 5002 vi
737 4953 762 5016 2,
782 4953 811 5015 4;
840 4947 930 5013 Quint.
951 4952 976 5014 9,
996 4952 1020 5014 4,
1043 4949 1087 5011 17;
1118 4950 1270 5013 10‚1,7o;
1299 4945 1375 4999 Dion.
1395 4944 1476 5013 Chry-

194 5041 257 5094 sost.
277 5056 313 5094 or.
336 5044 376 5094 18.

1262 5147 1278 5195 3
