3330 5542
732 308 945 370 ..23-

195 506 358 569 uterentur
381 507 509 568 cautum
533 506 609 570 erat.
638 505 768 583 Quibus,
792 507 819 569 si
841 505 957 568 iniuria
972 505 1105 569 multam
1130 505 1269 590 aliquam
1293 508 1482 593 deleverant,

195 613 335 696 proxima
357 613 389 675 in
413 605 514 696 κυρίᾳ
546 605 704 697 ἐκκλησίᾳ
727 605 975 695 ἐπιχειροτονία
997 615 1029 677 et
1051 632 1179 678 munere
1202 617 1327 697 peracto
1352 605 1480 679 εὔθυνα

196 720 358 785 subeunda
401 721 476 783 erat.
486 717 509 801 1)
580 719 683 798 Quare
725 719 759 782 in'
796 719 853 783 tali
896 737 992 784 causo
1028 713 1087 781 τὸν
1107 715 1204 806 παρὰ
1224 721 1291 783 τῶν
1314 721 1480 786 δικαστῶν

194 822 345 890 κίνδυνον
381 817 580 910 ἀπέστησαν.
634 827 806 891 abhorrere
848 826 944 907 igitur
982 827 1063 892 hanc
1103 828 1222 893 multae
1264 830 1479 895 remissionem

195 937 233 999 ab
272 935 331 1010 eis,
375 953 454 1017 quae
507 934 545 998 de
585 937 786 1015 quaestorum
836 934 1020 999 auctoritate
1059 935 1189 1013 scimus,
1236 957 1299 1001 non
1338 940 1479 1005 concedo.

192 1043 369 1125 Polyaenus
409 1060 484 1105 sane
523 1060 560 1104 ea
597 1041 642 1105 ita
683 1041 771 1104 nisus
810 1043 871 1117 est,
916 1043 951 1104 ut
990 1061 1022 1107 se
1061 1045 1163 1107 multa
1200 1045 1368 1109 liberatum
1408 1067 1476 1111 esse

193 1152 325 1232 putaret.
380 1150 426 1214 Ut
457 1149 541 1212 enirn
573 1149 639 1232 ipse
673 1152 691 1230 ς·
727 1151 765 1210 11
803 1148 936 1230 explicat
970 1186 1011 1194 —
1045 1150 1082 1213 do
1108 1172 1168 1233 quo
1191 1152 1259 1216 loco
1286 1152 1318 1216 in
1342 1155 1479 1218 secunda

193 1259 317 1320 nostrae
334 1256 553 1340 disputationis
570 1259 657 1340 parte
682 1257 824 1339 pluribus
848 1256 937 1319 nobis
954 1258 1013 1320 erit
1028 1259 1228 1322 tractandum
1246 1296 1296 1335 —-,
1320 1261 1478 1325 Minervae

194 1384 282 1428 arcae
306 1365 462 1445 custodes,
490 1365 516 1427 si
540 1363 655 1426 iniuria
679 1362 737 1426 sibi
760 1382 861 1446 poena
888 1364 1064 1427 condonata
1087 1368 1177 1441 esset,
1206 1367 1385 1431 multandos
1409 1387 1477 1432 esse

193 1473 391 1553 existimavit,
414 1492 447 1535 se
472 1473 577 1534 auteur
593 1471 678 1534 omui
702 1470 794 1553 eulpa
817 1489 940 1540 vacare:
965 1470 996 1533 id
1020 1473 1101 1552 qnod
1118 1492 1173 1537 nos
1191 1493 1314 1557 quoquc
1339 1477 1476 1539 statuere

192 1580 336 1663 propensi
361 1598 478 1643 sumus.
525 1577 608 1640 Nam
631 1577 769 1660 primurn
793 1577 828 1653 ei,
858 1579 911 1657 qni
936 1577 1053 1658 aliquid
1079 1583 1198 1644 aerario
1222 1581 1384 1659 debebant,
1408 1584 1477 1646 tum

192 1687 327 1764 demum,
351 1687 377 1750 si
401 1688 433 1749 in
457 1685 592 1748 indicem
614 1683 681 1745 τῶν
701 1683 761 1769 τῆς
781 1682 869 1746 θεοῦ
889 1683 1020 1764 ταμιῶν
1041 1687 1132 1750 relati
1156 1690 1253 1765 erant,
1277 1691 1313 1753 ut
1333 1689 1477 1767 vidimus,

191 1791 239 1874 τηῖ
262 1787 412 1878 δημοσίῳ
433 1782 627 1873 ὀφείλοντες
656 1791 787 1870 fiebant,
821 1790 932 1854 deinde
966 1794 1071 1856 autem
1102 1795 1161 1858 loci
1184 1795 1217 1858 hi
1241 1796 1325 1881 (Lex.
1350 1796 1421 1878 Sag.
1446 1800 1477 1861 et

192 1901 292 1977 Cant,
315 1902 448 1983 Etymol.
465 1901 506 1964 M.
531 1918 554 1964 s.
578 1919 605 1964 v.
630 1892 706 1984 δίκη
728 1887 930 1980 ἀγραφίουῑ)
955 1899 1065 1963 docent
1081 1921 1132 1966 eos
1156 1904 1289 1980 tanturn,
1314 1904 1368 1986 qui
1391 1904 1476 1968 debi-

191 2011 273 2072 tores
297 2028 359 2071 uon
375 2007 617 2092 inscripsissent,
641 1994 810 2090 ἀγραφίου
834 2007 975 2088 potuisse
1000 2009 1147 2085 accusari,
1171 2030 1233 2074 non
1249 2029 1311 2092 eos,
1336 2013 1391 2094 qui
1412 2032 1476 2077 non

191 2119 296 2179 essent
311 2115 443 2199 insripti.
472 2114 665 2197 Hesychium
689 2113 781 2188 enirn,
806 2114 859 2194 qui
884 2132 907 2176 s.
930 2134 959 2175 v.
983 2103 1152 2200 ἀγραφίου
1177 2117 1235 2180 hoo
1258 2138 1381 2202 qnoque
1405 2140 1476 2185 con-

191 2222 316 2287 tendere
340 2221 503 2304 videtur,²)
527 2240 564 2286 ea
587 2223 729 2286 secutum
753 2238 830 2296 esse,
860 2238 940 2302 quae
964 2223 996 2283 in
1020 2240 1062 2285 or.
1086 2242 1109 2286 c.
1133 2224 1258 2290 Thanar.
1287 2226 1357 2291 hab.
1391 2230 1408 2308 ς
1433 2231 1475 2292 52

191 2330 287 2395 falso
319 2331 522 2395 Theocrinem
545 2327 711 2412 protulisse
734 2345 791 2390 nos
815 2326 905 2390 docet
928 2327 1091 2405 Ps.-Dem.‚
1124 2330 1157 2394 L.
1182 2332 1230 2416 (A.
1254 2331 1321 2396 Ρε.2
1342 2354 1371 2417 p.
1396 2334 1475 2418 449)

192 2440 305 2502 monet.
352 2438 454 2516 Quare
483 2436 657 2520 pericnlum
689 2436 723 2497 in
756 2453 789 2498 se
822 2435 903 2498 solos
938 2436 1090 2518 recepisse
1125 2440 1305 2519 quaestores
1338 2446 1475 2526 apparet.

280 2545 378 2609 Plane
396 2547 476 2608 alius
494 2544 667 2608 sententiae
685 2561 720 2605 ae
736 2543 827 2606 miles
843 2543 1000 2625 praetores
1018 2546 1114 2610 erant.
1148 2545 1209 2623 Qui
1233 2548 1269 2610 ut
1291 2538 1475 2635 ἀπογραφή

190 2653 222 2715 in
247 2672 319 2716 eum
342 2653 549 2716 instrueretur
572 2650 747 2714 effecerunt.
794 2649 953 2712 Adversus
976 2651 1058 2714 hanc
1077 2652 1233 2734 Polyaeno
1257 2674 1289 2718 se
1311 2656 1475 2722 defendere

191 2780 266 2842 opus
290 2759 351 2823 fuit
374 2759 425 2844 (ef.
450 2760 468 2841 ξ]
492 2761 511 2823 3
537 2760 568 2822 et
591 2759 610 2837 ξ
635 2757 699 2839 21).
761 2756 853 2835 lucre
877 2758 1028 2821 nonnulla
1056 2759 1094 2823 de
1119 2779 1155 2823 ea
1179 2761 1340 2827 adicienda
1363 2764 1475 2847 sunta)

189 2869 291 2948 Atque
331 2867 466 2949 primurn
507 2866 632 2947 quidem
671 2865 778 2927 utrum
810 2867 954 2928 nostrum
988 2854 1192 2952 ἀπογραφῆς
1222 2872 1396 2954 exemplum
1437 2875 1475 2937 ab

190 2975 267 3051 aliis,
286 2995 365 3058 qnae
381 2975 469 3038 nobis
486 2976 560 3036 nota
576 2973 658 3047 sunt,
675 2971 812 3035 alienum
829 2972 869 3034 sit
887 2991 984 3036 necne
1002 2991 1197 3053 quaeramus.
1216 3014 1258 3023 —
1271 2966 1476 3065 Ἀπογραφῇ

192 3102 264 3145 curn
288 3101 325 3146 ea
348 3083 441 3161 bona,
474 3100 554 3164 quae
578 3082 614 3143 ut
637 3079 869 3163 publicarentur
899 3080 1105 3144 eonst'tutum
1129 3084 1196 3146 erat
1217 3086 1267 3148 vel
1290 3085 1403 3151 iudicio
1426 3089 1475 3152 vel

188 3189 349 3272 plebiscito
373 3190 516 3270 quodam,
541 3187 787 3268 designabantur
811 3223 853 3231 —
877 3187 908 3250 id
934 3187 1015 3267 quod
1033 3207 1068 3251 ex
1084 3188 1183 3254 officio
1207 3211 1262 3275 per
1285 3184 1475 3277 δημάρχους

188 3295 307 3360 factum
331 3315 398 3360 esse
422 3297 455 3360 hi
478 3297 538 3360 looi
562 3295 687 3359 docent:
711 3293 793 3357 Plut.
817 3295 847 3373 β.
870 3315 898 3354 τ.
921 3291 950 3356 d.
975 3290 1003 3380 ῥ.
1027 3315 1055 3377 p.
1073 3298 1145 3361 834.
1169 3300 1206 3380 A,
1230 3298 1300 3364 Lex.
1318 3300 1380 3382 Sag
1401 3303 1472 3378 199,

188 3406 208 3465 5
234 3404 284 3487 (cf.
306 3406 345 3469 ib.
370 3407 444 3480 237,
471 3402 534 3485 10),
566 3403 600 3466 Ε.
624 3402 677 3482 M,
708 3401 805 3483 Harp.
831 3420 854 3464 s.
877 3421 904 3465 υ.
929 3392 1099 3489 δήμαρχος
1121 3442 1174 3487 -,
1198 3409 1267 3471 turn
1291 3406 1322 3470 id
1345 3407 1473 3472 demum

188 3512 347 3593 agebatur,
388 3514 424 3575 nt
461 3513 543 3575 bona
576 3509 739 3573 cuiusdam
773 3529 790 3571 a
823 3508 977 3573 iudicibus
1005 3513 1194 3593 publicanda
1226 3513 1472 3580 decernerentur.

188 3618 274 3696 Quod
300 3621 416 3683 iterum
431 3617 547 3700 duplici
571 3636 587 3680 e
612 3635 707 3679 oarrsa
727 3616 863 3679 accidere
887 3618 998 3699 potnit,
1022 3621 1059 3681 ut
1081 3619 1231 3685 discimus
1255 3641 1291 3684 ex
1314 3622 1385 3686 Lex.
1403 3623 1471 3703 Seg.

190 3728 263 3808 198,
279 3725 369 3810 312⁴)
393 3727 451 3790 aut¹
463 3717 544 3787 ὅταν
564 3744 615 3798 τις
631 3713 796 3805 δημόσιόν
812 3742 846 3782 τι
867 3711 953 3784 εἶναι
975 3717 1070 3809 παρά
1086 3747 1153 3787 τινι
1169 3717 1283 3811 φάσκή
1304 3723 1347 3814 μι)
1366 3750 1472 3813 πρια-

187 3853 341 3860 n—-..-—-—

279 3896 296 3962 ¹)
315 3881 447 3970 γραφὴν
466 3876 636 3969 ἀγραφίου
657 3892 748 3943 eontra
765 3875 888 3959 ταμίας
906 3890 1007 3945 intendi
1027 3876 1143 3962 potuisse
1162 3894 1238 3948 dooet
1255 3895 1314 3948 on.
1330 3896 1388 3965 Seg.
1399 3897 1470 3965 (199,

186 4000 220 4050 ‘28
242 4022 277 4044 :-
295 3997 325 4050 E.
345 3999 381 4051 M.
404 4004 443 4064 13,
465 3998 516 4064 15),
536 3996 581 4048 ubi
599 3995 663 4047 haee
681 3994 805 4060 legimus:
841 3976 931 4060 εἶδος
954 3980 1049 4072 δίκης
1068 3983 1152 4051 κατὰ
1178 3989 1246 4051 τῶν
1266 3979 1472 4071 ὀφειλόντων

185 4091 233 4172 aqi
255 4087 405 4175 δημοσίῳ
433 4088 490 4154 καί
516 4084 787 4174 ἐγγεγραμμένων
809 4086 871 4166 μὲν
899 4080 1187 4174 άπαλειφδέιτων
1216 4090 1253 4156 δέ
1281 4089 1360 4175 πρίν
1383 4083 1471 4157 ἀνιο-

186 4193 313 4256 δοῦναι.
348 4189 453 4258 ἐνίοτε
484 4190 521 4257 δέ
547 4189 724 4258 καὶκατὰ
754 4195 831 4257 τῶν
859 4188 908 4278 μὴ
940 4185 1220 4277 ἐγγραφόντων
1250 4186 1471 4280 τοίςάφεί-

186 4294 339 4371 λοντας.
367 4305 399 4359 ef.
419 4306 479 4359 Lex.
500 4304 623 4360 cantabr.
643 4310 703 4372 663,
723 4313 754 4360 3:
773 4338 806 4346 -
826 4292 910 4360 κατὰ
932 4296 993 4359 τοῦ
1012 4291 1069 4358 τὸν
1092 4288 1273 4381 ὀφείλοντα
1297 4298 1345 4382 τῷ
1366 4297 1471 4385 δημο-

185 4395 248 4482 σίιμ
270 4398 318 4485 μη
337 4392 566 4482 ἐγγράφαντος
584 4439 617 4448 -
636 4407 669 4463 ef.
688 4408 720 4462 A.
740 4410 782 4463 Pr.
802 4412 813 4446 ²
832 4427 857 4478 p.
877 4413 938 4474 447,
958 4412 1010 4461 448
1029 4408 1083 4475 (nn.
1103 4412 1164 4474 732,
1183 4411 1254 4475 733).

272 4514 294 4576 ²)
313 4493 483 4586 ἀγραφίου
520 4498 616 4587 δίκη·
658 4499 716 4565 ἐπὶ
749 4503 815 4565 τῶν
853 4496 1170 4564 καταδικασθέντων
1214 4495 1391 4590 χρημάτων
1421 4503 1468 4587 τρῖ

188 4599 339 4692 δημοσίιμ
362 4599 523 4666 καὶκατὰ
543 4598 642 4689 χάριν
661 4599 706 4690 με)
729 4601 959 4690 ἐγγραφέντων
977 4598 1118 4683 ἐλέγετο.

276 4720 297 4782 ³)
316 4717 347 4769 dc
367 4698 552 4792 ἀπογραφῇ
571 4717 700 4786 imprimis
718 4719 829 4785 egerunt
847 4713 1014 4769 Lod-sun
1043 4713 1085 4778 (Α.
1104 4716 1147 4769 Pr.
1166 4718 1177 4752 ²
1195 4732 1238 4786 pp.
1258 4717 1418 4782 aaa-312.)

274 4818 294 4884 4)
314 4835 334 4870 s.
354 4837 377 4871 v.
404 4800 620 4895 ἀπογραφὴ
648 4808 714 4873 καί
741 4801 1003 4894 ἀπογράψαι·
1024 4798 1082 4873 ἀπ.
1111 4803 1237 4889 γίνεται
1262 4809 1321 4894 τῆς
1341 4799 1467 4884 οὐσίας,

185 4904 330 4979 ὅταν-
355 4905 536 4996 δημόσιον.
558 4902 742 4999 ἀπογραφὴ
770 4908 833 4998 γὰρ
859 4915 959 4975 τοῦτο
991 4908 1141 4995 γίνεται·
1163 4906 1318 4999 σημαίνει
1346 4909 1383 4976 δέ
1411 4910 1468 4977 καὶ

184 5003 270 5076 ἀλλα
294 5007 312 5101 ἡ
336 5010 433 5090 λέξις.
471 5024 504 5077 ef.
529 5019 601 5077 Suid.
626 5039 647 5079 ε.
666 5042 690 5078 v.
712 5007 928 5101 ἀπογράφειν
947 5027 974 5078 ot
992 5025 1053 5078 lex.
1078 5023 1136 5092 Sag.
1160 5027 1218 5091 199,
1237 5027 1262 5079 4.
