3330 5542
725 271 934 335 ἡ18ἡ

189 469 379 547 adducimur,
405 491 483 553 quae
508 469 573 537 sl.
590 471 609 536 l.
628 469 665 534 de
688 462 826 550 ταμίαις
848 471 1009 552 praeterea
1031 469 1168 554 protulit.
1197 468 1257 549 Qui
1276 491 1312 535 ex
1327 490 1371 537 eo.
1388 468 1470 552 quod

189 598 221 637 οι
242 570 363 657 ταμίαι
390 577 450 662 τῆς
474 578 562 641 θεοῦ
586 578 653 640 τῶν
674 572 820 661 διγμοσίᾳ
848 564 1055 658 ὀφειλόντων
1079 571 1119 638 τὰ
1149 566 1298 656 ὀνόματα
1320 567 1469 661 ὀπεγροί-

189 680 332 767 monost)
366 680 448 763 quod
481 681 577 762 igitur
608 701 699 744 nemo
731 681 765 742 in
799 680 994 763 publicorum
1018 681 1192 747 debitorum
1216 681 1339 744 tabulas
1362 679 1468 741 referri

188 788 299 869 potuit,
323 807 384 850 non
408 788 618 851 intercedente
643 789 844 868 quaestorum
867 806 968 870 opera,
1001 790 1131 853 coniecit
1160 810 1231 853 cum
1256 789 1332 851 alias
1356 787 1471 849 multa-

188 894 278 957 ticias
311 894 473 977 pecunias,
515 913 719 976 quaecunque
753 893 857 956 deberi
889 897 1035 976 poterant
1074 897 1192 961 aerario
1230 896 1363 978 publico,
1402 896 1469 956 tum

190 996 354 1083 ἐπιβολάς
370 1001 506 1084 quadam
522 1002 641 1065 ratione
661 1021 733 1064 cunr
748 1000 906 1064 Minervae
924 1021 1048 1084 quoque
1065 1004 1146 1080 fisco,
1172 1005 1220 1069 cui
1237 1003 1282 1066 illi
1297 1003 1471 1084 praeerant,

190 1108 371 1171 coniunctas
396 1108 506 1181 fuisse:
541 1108 683 1188 quodque
716 1107 849 1189 praedae
881 1108 1009 1172 bellicae
1042 1110 1074 1172 in
1109 1111 1262 1174 aerarium
1290 1108 1471 1191 pendendae

105 1197 115 1245 1
189 1218 221 1279 ct
237 1216 386 1279 bonomm
402 1215 630 1298 publicatorum
640 1234 712 1297 pars
730 1214 851 1277 decima
861 1216 1019 1279 Minervae
1036 1217 1152 1280 tradita
1168 1219 1218 1280 est
1234 1219 1327 1297 atque
1343 1214 1470 1288 multae,

190 1342 269 1403 quae
297 1323 365 1404 lege
388 1325 421 1384 in
447 1322 565 1403 [Dem]
590 1323 717 1386 Macart.
742 1321 773 1405 (ξ
802 1320 856 1404 71)
879 1322 1001 1386 inclusa
1024 1322 1061 1386 de
1095 1325 1169 1388 olcis
1196 1344 1258 1388 non
1292 1323 1471 1386 effodiendis

188 1432 236 1514 τῷ
259 1425 409 1519 δημοσίῳ
425 1429 485 1492 fuit
501 1429 678 1505 constituta,
703 1428 812 1492 eadem
834 1429 988 1512 particula
1003 1431 1161 1495 Minervae
1184 1430 1373 1514 praestanda
1396 1431 1471 1504 erat,

187 1537 312 1614 iudicat,
337 1536 476 1600 omnium
502 1537 627 1600 omnino
655 1535 840 1611 multarum,
873 1555 952 1617 quae
984 1541 1032 1622 τῷ
1067 1535 1218 1626 δημοσίω
1249 1536 1471 1619 persolvendae

187 1645 328 1717 fuissent,
353 1645 470 1707 certam
492 1645 623 1726 partem,
646 1642 777 1706 fortasse
802 1642 955 1706 decimam
977 1644 1066 1707 illam
1090 1643 1121 1705 in
1146 1643 1221 1707 deae
1246 1662 1351 1708 arcam
1374 1644 1471 1706 fuisse

187 1750 389 1814 referendam.
436 1747 538 1828 Quam
571 1769 642 1814 cum
665 1746 744 1826 τούς
764 1746 887 1833 ταμίας
909 1750 941 1812 in
965 1751 1122 1814 Minervae
1151 1751 1262 1814 fiscum
1285 1750 1469 1832 exigendam

189 1876 314 1921 curasse
347 1857 437 1932 dicat,
472 1857 603 1920 alteram
635 1856 785 1919 maiorem
816 1857 934 1920 multae
967 1860 1088 1939 partem
1120 1877 1174 1941 per
1207 1854 1404 1945 πράκτορας
1437 1859 1470 1918 in

189 1965 343 2029 aerarium
366 1965 525 2046 publicum
552 1963 677 2027 fluxisse
701 1965 799 2046 putat.
835 2001 875 2011 —-
911 1965 1022 2027 Totam
1045 1966 1127 2029 hauc
1149 1968 1185 2028 ut
1212 1968 1294 2029 recte
1324 1965 1471 2027 diiudice-

188 2092 258 2135 mus
292 2072 516 2155 quaestionem,
549 2090 620 2135 cum
653 2071 690 2133 de
723 2071 805 2134 fiscis
829 2072 1068 2135 Atheniensium
1103 2075 1172 2136 tum
1206 2074 1243 2137 de
1276 2072 1469 2154 praetoribus

189 2198 289 2261 pauca
321 2178 452 2241 dicenda
486 2180 566 2242 sunt.
623 2178 698 2241 Tres
732 2178 815 2240 enim
846 2178 936 2242 fiscos
968 2183 1091 2260 praeter
1124 2181 1278 2243 aerarium
1310 2179 1470 2263 publicum

190 2286 423 2349 commemorari
451 2287 534 2349 recte
558 2284 588 2349 S.
612 2285 712 2366 docet,
746 2285 858 2368 quibus
881 2287 1015 2349 multam
1049 2289 1162 2371 aliquis
1187 2288 1297 2352 dehere
1320 2284 1466 2368 potuerit:

188 2391 299 2455 fiscum
321 2392 492 2474 Minervae,
525 2391 636 2456 fiscum
669 2394 841 2456 ceteromm
873 2391 1009 2471 deorum,
1041 2395 1152 2459 fiscum
1176 2411 1410 2477 eponymcrum3
1433 2394 1470 2454 ut

189 2498 338 2562 discimus
371 2517 407 2562 ex
440 2499 560 2581 [Dem]
593 2518 617 2565 c.
650 2499 774 2563 Theocr.
808 2519 849 2563 or.
879 2500 896 2580 ξ
924 2499 1001 2582 142)
1047 2503 1165 2566 Multae
1190 2504 1304 2576 autem,
1333 2499 1469 2582 quaein

190 2605 330 2686 singulas
352 2606 410 2669 has
435 2624 521 2669 arcas
544 2606 766 2689 persolvendae
783 2608 880 2682 erant,
905 2607 943 2670 ab
960 2609 1004 2671 eis
1021 2609 1249 2690 redigebantur,
1267 2608 1321 2691 qui
1338 2606 1469 2688 singulis

187 2712 270 2776 fiscis
294 2712 442 2794 praefecti
465 2715 563 2795 eraut,
596 2732 615 2776 a
645 2713 805 2777 Minervae
840 2714 1064 2795 quaestoribus,
1098 2735 1116 2779 a
1144 2719 1317 2780 ceterorum
1342 2714 1469 2778 deorum

188 2816 335 2902 ταμίαις,
360 2839 465 2901 aroge
482 2821 636 2896 archonte,
654 2819 707 2902 qui
724 2839 946 2903 eponymorum
964 2841 1068 2886 arcam
1084 2822 1320 2886 administrasse
1338 2821 1469 2883 videtur.

188 2927 252 2990 Eae
268 2946 347 3004 vero,
372 2946 452 3010 quae
469 2927 587 2991 aerario
604 2927 726 3008 publico
743 2926 943 3006 debebantur,
969 2949 987 2993 a
1001 2930 1194 3012 practoribus
1205 2928 1470 3012 percipiebantur,

189 3036 225 3096 ut
248 3033 348 3098 elucet
371 3054 387 3098 e
411 3030 522 3120 [Dem]
545 3035 673 3098 Macart.
698 3053 738 3099 or.
763 3035 781 3116 ξ
806 3036 885 3118 715³)
931 3035 1033 3113 Quare
1058 3038 1139 3100 certe
1162 3036 1277 3099 mirum
1302 3039 1357 3111 est,
1389 3035 1469 3119 quod

188 3142 348 3205 Minervae
373 3161 495 3224 quoque
520 3144 699 3224 quaestores
723 3143 898 3206 debitorum
920 3145 1114 3226 publicorum
1140 3144 1274 3207 indicem
1303 3142 1470 3206 habuerint

191 3250 335 3332 quodque
359 3244 529 3330 daedalei,
564 3268 643 3331 quae
676 3269 792 3326 omnes
825 3253 861 3314 ut
884 3251 1033 3327 vidimus,
1065 3250 1098 3312 in
1131 3250 1291 3332 publicum
1315 3249 1471 3312 fluxerunt

190 3356 345 3419 aerarium
369 3393 410 3402 -
434 3357 480 3420 ita
502 3359 538 3420 ut
560 3357 754 3439 praetoribus
777 3375 830 3420 eas
854 3357 1020 3438 exigendas
1044 3356 1140 3420 fuisse
1168 3358 1328 3440 probabile
1353 3357 1394 3420 sit
1418 3393 1471 3437 -,

190 3464 285 3527 etiam
319 3465 357 3527 ad
389 3460 467 3541 τοὺς
497 3467 555 3551 τῆς
588 3467 676 3530 θεοῦ
695 3459 817 3547 ταμίας
846 3464 1071 3547 quodammodo
1104 3464 1318 3548 pertinuerint.
1380 3463 1471 3525 Hanc
1519 3487 1524 3494 ·

190 3570 431 3653 discrepantiam
456 3589 518 3654 qua
540 3571 659 3634 ratione
677 3570 706 3635 S.
732 3571 870 3652 explicet,
893 3571 957 3634 iarn
981 3572 1188 3653 exposuimus,
1235 3570 1297 3635 Sed
1322 3572 1472 3652 quattuor

190 3678 228 3741 de
262 3679 364 3742 causis
396 3679 475 3741 mihi
502 3678 596 3741 huius
630 3678 686 3741 viri
727 3677 810 3741 docti
853 3667 1009 3741 sententia
1040 3679 1206 3742 refutanda
1237 3677 1362 3740 videtur
1395 3696 1472 3742 csse.

189 3787 292 3868 Atque
324 3787 461 3868 primum
494 3785 620 3867 quidem
652 3785 784 3867 praedae
817 3785 945 3849 bellicae
984 3787 1015 3849 et
1052 3785 1280 3868 publicatorum
1318 3784 1471 3848 bonorum

188 3885 225 3955 τδ
250 3886 450 3954 ἐπιδέκατον
464 3893 624 3955 Minervae
639 3894 676 3955 ut
699 3893 727 3955 ei
750 3893 834 3969 deae,
858 3893 908 3956 cui
923 3894 997 3956 urbs
1015 3911 1103 3956 sacra
1125 3894 1199 3969 erat,
1222 3892 1341 3955 multae
1365 3893 1472 3954 autem

191 4021 286 4085 quam
309 3988 460 4084 ὀφείλειν
482 3999 646 4064 iubebatur
668 3999 704 4076 ie,
730 4000 784 4082 qui
807 4000 890 4064 oleas
914 4019 977 4062 non
1000 3999 1158 4081 religionis
1182 4019 1277 4063 causa
1306 3997 1471 4078 effodisset,

283 4224 301 4293 ἱ)
319 4220 353 4275 cf.
372 4220 461 4275 Suid.
481 4237 501 4273 s.
521 4238 544 4273 v.
564 4207 825 4299 ψεοδέγγραφος
845 4206 931 4298 δίκη.

278 4317 337 4401 2)d
360 4315 462 4404 νόμος
481 4314 608 4404 ὁμοίως
636 4316 766 4386 κελεύει
785 4316 869 4386 κατοί
898 4346 935 4387 τε
953 4323 1019 4386 cuir
1041 4313 1249 4408 ὀφειλόντων
1270 4323 1324 4406 τῷ
1344 4320 1471 4408 δημο-

190 4422 260 4510 σίφ
281 4420 341 4500 τὰς
362 4421 519 4501 ἐνδείξεις
541 4421 599 4491 τὸν
621 4419 827 4507 βουλόμενον
849 4429 1031 4491 ποιεῖσθαι
1053 4427 1119 4488 τῶν
1146 4423 1305 4500 πολιτῶν,
1335 4422 1392 4488 καί
1415 4417 1472 4488 ἐοίν

190 4552 241 4605 τις
262 4519 384 4613 ὀφείλῃ
399 4529 448 4613 τῇ
464 4520 615 4614 Ἀθηνᾷ
631 4520 651 4616 ἢ
666 4530 742 4592 τῶν
760 4519 892 4592 ἄλλων
912 4529 1017 4593 θεῶν
1035 4519 1055 4613 ἢ
1076 4528 1128 4591 τιῦ
1138 4553 1154 4591 ν
1174 4521 1391 4609 ἐπωνύμιον
1410 4548 1470 4608 τῳ.

280 4660 299 4728 ³]
319 4642 399 4712 ὅτου
421 4641 496 4712 δ’δν
530 4651 761 4736 καταγνωσθῇ,
796 4644 1029 4736 ἐγγραφόντων
1052 4643 1084 4713 οἱ
1109 4640 1274 4735 ὀρχοντες,
1302 4646 1391 4737 πρὸς
1416 4637 1475 4724 οὓς

192 4742 272 4840 der}
300 4746 318 4840 ἦ
342 4747 428 4841 δίκρ,
452 4758 536 4830 τοῖς
556 4747 817 4840 πράκτορσιν,
840 4742 859 4816 δ
882 4754 934 4836 τῷ
960 4747 1139 4839 δημοσίῳ
1162 4748 1357 4835 γίγνεται·
1392 4740 1411 4815 ὀ
1437 4748 1474 4815 δέ

190 4858 232 4945 τῇ
255 4857 329 4940 θεῷ
348 4852 504 4938 γίγνεται,
527 4861 599 4932 τοῖς
618 4852 756 4937 ταμίαις
774 4858 841 4918 τοῖν
861 4858 920 4938 τίς
939 4858 1034 4920 θεοῦ.
