3330 5542
764 264 977 330 -52—

227 464 413 551 comperisse
454 468 619 530 veteranus
665 465 754 542 dixit,
798 463 852 527 illa
893 464 1048 547 pertinere
1093 465 1124 527 et
1166 465 1268 527 totum
1312 462 1519 528 enuntiatum

226 576 310 640 huno
345 594 474 639 sensum
511 575 625 638 habere
662 575 755 656 puto:
801 590 837 634 ea
880 590 960 654 quae
1001 571 1092 635 modo
1131 570 1223 634 attuli
1262 572 1345 655 apud
1388 566 1517 633 (διίίοα

226 685 390 747 tabernam
422 682 499 745 mihi
536 682 664 745 narrata
702 680 783 742 sunt,
794 678 816 758 1)
872 677 992 756 Quibus
1030 698 1102 742 cum
1137 681 1287 762 appareat
1316 679 1517 762 Polyaenum

226 791 380 874 imprimis
419 790 587 853 excitatum
624 805 707 863 esse,
745 785 853 849 eodem
885 785 951 848 loeo
989 784 1085 849 etiam
1122 784 1301 867 obiurgasse
1339 806 1411 850 eum
1443 789 1516 851 tam

225 896 392 960 verisimile
416 898 471 972 est,
495 898 531 959 ut
554 896 612 959 hoc
630 895 696 976 ipso
730 892 865 967 consilio,
898 895 935 954 ut
957 892 1010 955 ubi
1035 892 1174 956 convicia
1201 892 1368 958 laetasint
1390 894 1514 959 iudices

226 1003 343 1080 doceat,
366 1004 428 1067 ista
450 1003 545 1066 verba
569 1000 685 1077 afferat,
708 1000 768 1063 loci
791 998 887 1080 igitur
910 998 1104 1062 describendi
1128 1018 1232 1064 eausa.
1279 1000 1361 1064 Nam
1388 1001 1448 1066 hoc
1471 1005 1513 1065 ut

227 1129 262 1173 ex
286 1110 330 1173 eis
363 1129 443 1192 quae
476 1110 650 1192 sequuntur
673 1108 755 1172 clare
779 1107 896 1194 elucet
921 1105 1075 1189 imprimis
1098 1126 1225 1172 monere
1258 1107 1364 1171 studet
1387 1127 1420 1171 se
1444 1127 1516 1173 non-

226 1212 260 1278 ἕν
276 1211 437 1299 συνεδρίῳ
461 1216 514 1280 sed
539 1217 625 1279 extra
648 1215 767 1279 curiam
791 1232 858 1276 esse
882 1214 1097 1277 conviciatum.
1127 1212 1324 1297 Quapropter
1340 1214 1372 1277 in
1388 1216 1511 1279 verbis:

224 1322 285 1384 τοῦ
306 1315 409 1402 νόμου
422 1315 611 1410 -ἦξίωσαν
629 1323 660 1403 (ξ
677 1320 711 1403 6)
726 1321 817 1384 haee:
842 1313 901 1384 ε’σίν
923 1343 973 1394 τις
995 1311 1095 1406 ἀρχὴν
1116 1316 1150 1383 ἐν
1172 1316 1332 1406 συνεδρίῳ
1353 1320 1514 1409 λοιδορῇ,

223 1428 331 1510 utpote
355 1445 390 1490 ex
414 1430 432 1510 ᾖ
456 1431 476 1493 9
500 1430 562 1492 huc
585 1431 695 1509 tracta,
727 1426 858 1490 delenda
890 1444 958 1489 esse
991 1424 1119 1490 minime
1153 1445 1225 1489 cum
1253 1426 1383 1504 chreq
1415 1427 1511 1494 Fra0.
1611 1478 1615 1487 .

224 1536 307 1615 puto.
353 1533 471 1598 Verum
494 1537 579 1599 totus
603 1537 697 1613 locus,
722 1552 914 1617 quamquam
937 1532 982 1595 nil
1006 1531 1127 1594 adrem
1143 1534 1356 1597 necessarium
1378 1534 1512 1600 omnino

224 1640 349 1723 δισσαί)
373 1659 448 1705 sane
472 1642 640 1707 admodum
663 1643 820 1707 coartatus
844 1642 899 1715 est,
932 1640 975 1714 ut,
1005 1638 1031 1701 si
1054 1657 1198 1722 usquam,
1221 1641 1273 1705 hio
1296 1643 1511 1725 excerptorem

223 1749 402 1828 grassatum
425 1767 493 1813 esse
517 1749 724 1813 concederem.
753 1747 842 1826 Quod
866 1748 971 1810 autem
993 1745 1037 1809 St.
1053 1749 1194 1823 miratur,
1217 1747 1255 1811 de
1278 1749 1338 1813 hac
1360 1769 1404 1831 re,
1426 1770 1511 1816 num

223 1873 293 1918 vere
318 1854 499 1919 militaverit
521 1856 705 1937 Polyaenus
729 1856 774 1918 nil
797 1855 885 1919 nobis
908 1855 1040 1934 narrari,
1072 1853 1104 1916 id
1128 1854 1166 1916 ad
1190 1873 1320 1919 oausam
1342 1856 1446 1940 ipsam
1469 1878 1510 1924 eo

223 1963 329 2025 minus
352 1963 535 2045 pertinebat,
568 1964 650 2047 quod
672 1961 829 2045 probabile
853 1979 921 2024 esse
945 1960 1144 2040 cognovimus
1168 1962 1394 2045 expeditionem
1415 1964 1510 2030 illam

223 2071 402 2152 susceptam
425 2090 487 2134 non
510 2089 587 2134 esse.
642 2069 801 2148 Quomodo
826 2069 921 2132 etiam
944 2069 1038 2132 nimis
1061 2070 1094 2132 in
1119 2088 1154 2132 eo
1176 2069 1295 2152 haeret,
1328 2071 1410 2152 quod
1442 2091 1510 2153 qua

224 2176 261 2238 de
278 2194 372 2239 eausa
388 2176 590 2259 imperatores
605 2173 643 2240 τὸ
659 2169 818 2264 ἀργύριον
834 2171 1034 2262 πράξασθαι
1050 2176 1261 2240 dubitaverint
1276 2196 1338 2242 uon
1353 2179 1508 2260 legimus;

221 2301 296 2345 nam
325 2284 461 2348 conscios
495 2284 553 2349 sibi
586 2284 695 2367 culpae
719 2301 770 2345 eos
793 2281 898 2358 fuisse,
930 2301 997 2345 rem
1020 2283 1122 2364 ipsam
1144 2283 1230 2347 hisee
1254 2284 1507 2350 describentem:

222 2381 442 2465 ἐπιβαλόντες
462 2386 499 2453 δὲ
518 2385 555 2451 τὸ
576 2380 735 2474 ἀργύριον
751 2379 949 2470 πράξασθαι
976 2385 1037 2468 μὲν
1054 2379 1113 2450 οὐκ
1135 2383 1356 2476 ἐπεχείρησαν
1374 2414 1402 2453 κ.
1419 2414 1447 2454 a.
1463 2390 1508 2468 λ.,

222 2494 375 2555 oratorem
407 2512 532 2557 monere
566 2489 735 2576 apparas)
769 2529 810 2536 —
843 2491 879 2554 In
914 2492 1116 2574 sequentibus
1148 2495 1274 2577 propter
1296 2495 1358 2558 ista
1389 2497 1506 2561 verba:

218 2593 392 2686 μσίρννρας
410 2595 625 2687 παρεσχόμην
648 2603 680 2681 (ξ
697 2597 730 2680 9)
752 2600 932 2662 citationem
947 2599 1077 2662 testium
1094 2619 1112 2664 a
1127 2601 1272 2684 plurimis
1294 2601 1362 2665 iure
1384 2603 1506 2686 requiri

221 2706 285 2769 ium
308 2704 480 2787 vidimus.⁴)
519 2707 605 2771 Haeo
628 2706 755 2770 deinde:
780 2699 828 2769 ἔπι
854 2702 1046 2782 πλείονας
1064 2706 1121 2770 καί
1144 2701 1286 2788 νόμους
1307 2707 1364 2775 καὶ
1383 2700 1507 2788 ἄλλος

222 2806 429 2889 δικαιώσεις
449 2807 707 2900 παρασχήσομαι
732 2813 763 2896 (ξ
788 2810 821 2893 9)
844 2812 997 2876 iactanter
1020 2813 1104 2877 dieta
1125 2833 1192 2878 esse
1217 2852 1258 2860 —
1282 2833 1358 2878 uam
1380 2816 1506 2881 nullam

219 2918 281 2982 uisi
313 2938 410 2982 uuam
432 2919 515 2983 iutra
541 2919 717 3002 Polyaenus
740 2921 842 3001 legem
866 2917 954 2982 affert
978 2957 1019 2965 —
1043 2940 1072 3002 p.
1099 2923 1141 2984 43
1165 2922 1291 2996 monui;
1325 2923 1363 3004 ἐξ
1389 2924 1428 2985 11
1455 2943 1504 3008 sq.

221 3028 329 3090 autem
352 3046 414 3090 nou
437 3027 535 3090 nimia
558 3028 717 3104 brevitate,
750 3026 804 3090 sed
827 3027 993 3089 verborum
1023 3028 1216 3091 abundantia
1238 3029 1388 3093 molestae
1411 3031 1504 3094 uobis

218 3133 352 3198 fuerunt.
371 3171 412 3182 -
429 3133 532 3212 Quare
555 3134 619 3197 iam
643 3135 682 3198 ad
698 3136 737 3216 ἕξ
755 3154 821 3218 sqq.
846 3133 1087 3197 considerandas
1112 3135 1304 3200 accedamus.
1337 3137 1363 3200 E
1386 3137 1503 3220 quibus

219 3259 321 3322 neque
357 3241 426 3322 quis
460 3241 555 3304 tuerit
587 3241 746 3306 Sostratus
780 3260 881 3322 neque
916 3241 1068 3323 quomodo
1100 3261 1172 3305 cum
1195 3243 1294 3306 milite
1318 3244 1503 3310 coniunctus

218 3366 275 3411 nos
297 3347 490 3429 discereque
514 3349 580 3412 iure
598 3349 646 3413 St.
663 3347 870 3430 reprehendat
884 3367 946 3411 uon
964 3348 1040 3411 satis
1055 3349 1203 3430 intelligo.
1232 3349 1314 3413 Nam
1332 3349 1502 3430 Sostratus

219 3454 272 3537 qui
306 3455 354 3518 vir
385 3455 489 3518 fuerat
512 3454 591 3543 περὶ
610 3452 668 3545 τὴν
693 3449 795 3518 πόλιν
818 3446 913 3531 ι’ίξιος
938 3449 1039 3537 λόγου
1061 3455 1273 3544 γεγενημένος
1297 3457 1347 3540 (ef.
1382 3460 1400 3540 ξ
1436 3455 1502 3542 13),

219 3561 373 3625 iudicibus
407 3564 489 3626 certe
521 3565 588 3625 tam
620 3563 712 3625 nctus
744 3561 812 3637 fuit,
845 3564 881 3624 ut
912 3563 1003 3646 plura
1036 3562 1073 3626 de
1107 3581 1141 3626 eo
1175 3563 1282 3627 afferre
1315 3567 1418 3629 orator
1437 3586 1503 3630 non

218 3688 295 3752 opus
329 3687 396 3733 esse
429 3669 629 3733 existimaret.
684 3669 876 3750 Polyaenum
919 3670 1024 3732 autem
1067 3670 1133 3732 eius
1175 3670 1362 3736 familiarem
1403 3672 1502 3738 fuisse

217 3776 345 3857 eiusque
379 3776 561 3840 auctoritate
593 3777 699 3859 ipsum
726 3777 828 3839 valere
866 3778 1004 3859 coepisse
1042 3777 1123 3840 clare
1163 3780 1292 3860 apparet
1330 3798 1366 3842 ex
1397 3780 1499 3844 hisee:

310 3986 1501 4073 bfflmssffimmmwmffifflwmomfflstmpfflfflmmmwm

216 4085 1502 4180 pmmmmmmummestffiMmffiufflhfflwfflmmdmm&

218 4191 383 4262 εἰώθασιν
403 4193 471 4260 ἐπὶ
493 4200 576 4270 τοῖς
595 4192 811 4279 χαριέντως
830 4193 1151 4277 διειλεγμένοις),
1166 4207 1502 4277 ininterpretationeverbi

218 4296 420 4364 διείλεκτο
450 4308 631 4373 Roiskium3
665 4308 711 4376 qui
739 4308 765 4360 id
793 4309 922 4378 explicat:
952 4293 1063 4386 εἴρητο
1105 4297 1139 4364 ἐν
1171 4301 1219 4384 τῷ
1258 4299 1500 4383 διαλέγεσθαι,

217 4403 248 4458 Α.
267 4403 353 4456 arao.
373 4404 450 4469 enim,
469 4402 516 4471 qui
534 4401 682 4454 subiectum
700 4402 824 4454 omissum
843 4418 899 4454 esso
918 4405 1037 4455 statuens
1056 4403 1094 4455 ita
1112 4402 1198 4455 locum
1208 4403 1354 4472 intelligere
1364 4406 1501 4475 proposuit

216 4504 252 4573 (p.
272 4503 328 4568 663:
359 4482 454 4556 εἶπεν
486 4489 611 4566 ἐκεῖνος
642 4484 660 4553 ὁ
687 4486 827 4578 πολίτης
857 4484 933 4573 ἐμοὶ
957 4486 1204 4574 διαλεγόμενος,
1229 4502 1362 4571 dissentio,
1381 4505 1451 4575 quod
1469 4522 1501 4560 ex

215 4605 299 4660 hisce:
324 4574 634 4676 συμβοιιλεαόμίνός
658 4616 736 4656 τινι
758 4596 811 4657 τοῦ
816 4619 832 4657 ν
854 4593 1035 4657 πσλιτῶν
1051 4605 1118 4673 subj.
1137 4605 1204 4659 illud
1223 4607 1265 4658 vir
1284 4608 1371 4676 potest
1388 4608 1451 4676 peti.
1464 4637 1499 4648 -

305 4698 726 4764 ²dffllthuZ

305 4699 1500 4857 dstmmmdhbqpbmmfflmfflfflwmmefflstaffiwmmm

216 4892 255 4946 vel
274 4877 309 4943 ἒν
327 4881 370 4966 τῇ
389 4872 475 4966 ἀρχῇ
493 4906 550 4960 opp.
571 4889 669 4942 verbis:
690 4873 843 4967 ἐξιούσης
865 4879 901 4946 δὲ
922 4882 981 4967 τῆς
1001 4872 1113 4968 ἀρχῆς.

304 4982 484 5052 bmpffl
