3330 5542
723 322 933 387 ..14-

188 526 279 588 tuum
312 519 466 586 multandi
497 523 636 606 potestas
670 522 870 605 coerceretur,
901 541 963 585 non
997 523 1063 584 tam
1088 523 1188 585 arctos
1212 517 1316 598 fuisse,
1340 522 1376 583 ut
1399 537 1471 584 con-

188 631 268 695 vioia
300 630 344 694 eis
376 629 459 693 facta
492 629 628 710 quinque
656 631 781 692 tantum
805 628 961 692 drachmis
995 631 1122 712 possent
1154 629 1320 692 vindicare.
1366 630 1470 712 Atque

190 739 251 802 alia
303 757 426 821 quoque
479 736 516 799 de
570 756 664 801 causa
707 738 859 820 exiguitas
911 737 1029 801 multae
1084 739 1212 821 praebet
1260 737 1469 801 offensionem.

189 845 343 924 Quoniam
376 836 460 909 enim
493 845 690 922 exposuimus
724 847 891 926 strategos,
926 845 1068 927 quamvis
1101 845 1216 909 iniuste
1248 845 1470 908 tractavissent

187 953 328 1029 militem,
353 946 516 1036 ἐπιβολὴν
539 956 646 1017 tamen
670 973 725 1017 suo
749 953 815 1017 iure
840 953 867 1016 ei
890 952 1074 1034 irrogavisse
1100 952 1207 1034 videri,
1230 953 1293 1015 iam
1319 971 1379 1034 quo
1402 951 1469 1014 iure

188 1061 362 1143 Polyaenus
395 1061 529 1124 multam
561 1080 623 1125 non
656 1061 845 1145 pependerit,
880 1060 1092 1143 quaerendum
1125 1061 1213 1124 nobis
1246 1062 1301 1123 est.
1363 1059 1470 1142 Atque

188 1171 324 1252 primurn
358 1168 485 1252 quidem
516 1169 598 1232 hanc
628 1189 690 1232 non
715 1168 844 1232 solvisse
868 1168 1001 1231 militem
1030 1157 1214 1254 ἀπογραφὴ
1247 1168 1346 1240 docet¹
1363 1168 1471 1230 contra

190 1297 261 1342 eum
284 1274 453 1358 intenta31)
487 1295 557 1358 qua,
582 1278 617 1339 ut
640 1277 722 1339 infra
744 1276 886 1359 pluribus
910 1275 1127 1358 explicandum
1150 1278 1217 1352 erit,
1251 1276 1317 1338 eius
1342 1275 1395 1358 qui
1418 1293 1472 1358 pe-

190 1386 314 1450 cuniam
338 1385 456 1448 civitati
480 1385 617 1449 debitam
640 1404 702 1448 non
717 1383 865 1467 pependit
880 1385 961 1447 bona
976 1383 1153 1466 publicandi
1175 1402 1270 1447 carisa
1284 1383 1317 1445 in
1335 1383 1471 1447 codicem

188 1493 295 1557 referri
317 1495 494 1575 potuerunt.
528 1492 592 1557 Cur
615 1493 720 1555 autem
743 1511 806 1555 non
829 1491 977 1574 pependit
998 1491 1133 1554 multam
1148 1490 1345 1573 Polyaenus?
1382 1490 1471 1568 Quod

188 1620 243 1684 per
259 1619 291 1664 se
308 1620 380 1664 curn
397 1599 524 1663 minime
541 1600 697 1682 appareat,
716 1598 847 1663 fortasse
863 1599 930 1662 iure
954 1598 1013 1662 sibi
1028 1616 1161 1682 poenam
1178 1598 1216 1661 ab
1231 1597 1471 1681 imperatoribus

188 1708 367 1790 impositam
391 1726 459 1771 esse
483 1708 650 1789 negantem
683 1726 755 1770 eum
778 1725 960 1790 provocasse
994 1705 1033 1769 ad
1066 1705 1184 1769 iudices
1218 1707 1256 1769 ab
1286 1705 1393 1787 eisque
1416 1705 1472 1767 illa

187 1816 354 1879 liberatum
379 1833 446 1877 osse
470 1814 671 1896 suspicemur.
726 1813 837 1897 Neque
861 1817 966 1878 tamen
991 1832 1119 1878 causam
1148 1813 1186 1875 ad
1210 1813 1315 1876 iudicii
1340 1812 1471 1875 alicuius

189 1922 377 1986 sententiam
417 1920 579 1985 deduxisse
618 1920 813 2003 Polyaenum
850 1922 993 2003 legimus.
1055 1920 1255 2004 Quamquam
1294 1921 1376 1983 certe
1415 1919 1472 1982 hoo

189 2030 298 2113 potuit,
332 2031 363 2091 et
385 2027 500 2091 iniuria
524 2027 554 2093 S.
579 2048 615 2092 er
638 2029 707 2111 hac,
740 2030 777 2092 do
802 2048 864 2111 qua
888 2029 1021 2110 agimus,
1053 2028 1189 2091 oratione
1222 2027 1472 2092 concludendum

190 2156 257 2200 esso
281 2135 446 2211 existimat,
480 2137 518 2199 ab
542 2155 577 2200 eo
601 2136 664 2200 solo
696 2137 884 2218 magistratu
918 2136 956 2199 ad
989 2135 1106 2198 iudices
1134 2135 1292 2218 provocari
1324 2133 1471 2216 potuisse,

190 2244 243 2327 qui
263 2237 358 2315 τέλος
381 2242 440 2307 sibi
464 2244 619 2306 statutum
641 2244 805 2307 mullando
828 2240 1052 2325 neglexisset‘2)
1091 2242 1173 2306 Nam
1198 2243 1256 2306 etsi
1279 2241 1419 2306 monenti
1444 2241 1472 2303 ei

188 2352 296 2416 nostra
327 2350 360 2412 in
394 2369 504 2427 causa,
529 2351 582 2414 ubi
614 2351 816 2434 imperatores
850 2349 998 2432 puniendi
1032 2351 1180 2414 terminos
1214 2370 1275 2414 non
1309 2348 1471 2412 transiisse

189 2461 380 2534 constetne
406 2477 467 2520 uno
492 2458 618 2540 quidem
642 2460 735 2523 verbo
760 2458 927 2540 significari
952 2458 991 2520 ad
1015 2458 1142 2540 aliquod
1165 2458 1315 2521 iudicium
1338 2457 1472 2542 militem

190 2584 372 2648 provocasse
397 2601 438 2611 -—
463 2564 505 2627 id
520 2565 601 2647 quod
626 2565 652 2628 si
675 2565 816 2629 licuisset
839 2565 875 2641 ei,
909 2567 991 2628 certe
1024 2584 1096 2628 eum
1120 2564 1276 2628 facturum
1299 2564 1395 2627 fuisse
1420 2601 1472 2640 —,

190 2673 391 2754 imperatores
414 2672 502 2749 fines,
526 2673 639 2755 quibus
662 2675 800 2755 potestas
826 2692 934 2736 eorum
953 2673 1121 2736 terminata
1145 2675 1222 2754 erat,
1245 2692 1307 2736 non
1332 2690 1471 2753 egressos

191 2799 258 2844 esse
283 2777 452 2861 concedo,³)
476 2778 631 2861 Polyaeno
655 2799 716 2844 non
739 2780 864 2844 licuisse
893 2798 1057 2862 provocare
1080 2799 1167 2860 nego.
1223 2779 1364 2843 Primum
1389 2778 1472 2841 enim

192 2906 287 2970 quare
305 2887 438 2950 minores
454 2887 581 2963 multae,
604 2887 688 2949 intra
711 2888 863 2951 cancellos
881 2887 1008 2970 quidem
1032 2888 1140 2963 certos,
1165 2887 1218 2950 sed
1241 2887 1357 2949 iniuria
1380 2885 1472 2950 alicui

190 2995 354 3076 irrogatae,
376 3013 439 3057 non
462 2994 538 3056 item
562 2994 673 3076 dignae
697 2994 820 3072 fuerint,
849 2995 886 3058 de
912 2995 1024 3078 quibus
1048 2994 1222 3077 provocatio
1246 2994 1473 3075 inst‘tueretur,

191 3107 285 3186 atque
317 3101 458 3176 maiores,
490 3120 553 3164 non
587 3101 663 3164 satis
691 3102 840 3184 intelligo.
895 3102 1016 3184 Nempe
1050 3102 1145 3165 etiam
1177 3101 1261 3164 intra
1292 3101 1370 3164 fines
1403 3101 1472 3163 illos

189 3210 393 3291 magistratus
425 3209 579 3291 potestate
612 3227 670 3271 sua
702 3210 788 3272 abuti
819 3210 972 3291 poterant.
1027 3209 1192 3272 Praeterea
1225 3209 1303 3271 falso
1336 3208 1413 3270 mihi
1442 3207 1472 3272 S.

189 3335 303 3398 negare
327 3315 451 3378 videtur
466 3315 626 3379 Plutarchi
650 3316 734 3379 huno
756 3316 871 3380 looum:
898 3316 958 3381 Sol.
982 3317 1019 3381 V.
1036 3335 1060 3379 e.
1079 3317 1129 3394 18,
1152 3316 1206 3380 ubi
1229 3316 1362 3397 legimus
1387 3314 1474 3379 Solo-

190 3444 263 3487 nem
287 3423 435 3486 adversus
459 3423 571 3498 omnia,
594 3414 660 3483 ὅσα
683 3426 756 3496 ταῖς
776 3413 891 3507 ἀρχαῖς
913 3415 1007 3497 ἔταξε
1028 3416 1162 3508 κρίνειν,
1186 3416 1233 3496 εἰς
1255 3421 1292 3483 τὸ
1317 3412 1474 3505 δικαστή-

191 3554 264 3618 ριον
285 3529 407 3594 dedisse
430 3531 686 3613 provooationem,
710 3531 864 3614 pertinere
893 3532 932 3594 ad
960 3531 1042 3594 hano
1065 3531 1308 3613 magistratuum
1336 3529 1474 3594 coerciti-

192 3656 290 3702 onem.
345 3637 480 3714 Accedit,
515 3639 596 3721 quod
630 3657 666 3702 ex
697 3657 780 3702 nona
804 3637 904 3721 [Lys]
928 3639 1074 3714 oratione,
1109 3658 1171 3721 qua
1205 3639 1271 3701 sola
1298 3637 1409 3700 nititur
1433 3636 1475 3717 S,

193 3745 252 3808 alio
284 3744 378 3829 idque
407 3745 619 3809 verisimiliora
652 3746 742 3810 modo
775 3765 830 3809 our
852 3745 1027 3828 Polyaenus
1061 3746 1098 3809 de
1122 3747 1223 3808 multa
1247 3745 1304 3808 sibi
1328 3744 1475 3827 imposita

110 3863 113 3867 ’
191 3871 254 3917 non
286 3852 505 3936 provocaverit,
537 3855 641 3937 potest
678 3852 829 3935 explicari.
885 3853 1033 3935 Legimus
1067 3853 1150 3916 enim
1183 3850 1205 3936 ξ
1238 3849 1259 3916 6
1294 3873 1343 3935 sq.
1377 3853 1473 3915 haee:

191 3951 412 4040 ἐπιβαλόντες
441 3955 477 4020 δὲ
512 3951 559 4040 (οὶ
592 3952 783 4045 στρατηγοί)
817 3954 855 4023 τὸ
890 3949 1050 4044 άργάριον
1084 3950 1283 4045 πράξασθαι
1320 3955 1382 4039 μὲν
1415 3948 1473 4020 οὐκ

192 4055 418 4148 ἐπεχείρησαν,
441 4054 594 4146 ἐξιούσης
614 4059 650 4126 δὲ
664 4063 721 4149 τῆς
742 4053 842 4147 ἀρχῆς
861 4056 1052 4149 γράψαντες
1074 4055 1121 4136 εἰς
1144 4055 1298 4143 λεύκωμα
1320 4066 1391 4136 τοῖς
1415 4084 1472 4123 τα-

191 4160 286 4247 μίαις
308 4161 519 4252 παρέδοσαν·
548 4160 620 4228 ol'de
637 4157 797 4246 μὲντάδε
819 4158 1062 4251 διεπράξαντο·
1101 4159 1132 4227 οὶ
1156 4162 1192 4228 δὲ
1215 4159 1334 4246 ταμίαι
1352 4207 1397 4213 -
1418 4159 1475 4227 τὸν

193 4268 264 4357 παῤ
292 4263 384 4350 ὑμῶν
414 4267 564 4335 κίνδυνον
590 4264 794 4347 ὑποστάντι-ς
817 4263 941 4358 άιιαρον
961 4269 1019 4361 τὴν
1041 4269 1159 4360 ζημίαν
1181 4265 1321 4358 ἔκριναν.
1369 4271 1474 4352 Impo-

193 4378 321 4441 suerant
344 4377 439 4459 igitur
453 4379 611 4461 praetores
627 4380 773 4442 veterano
796 4378 931 4442 multam
947 4399 1048 4461 neque
1064 4381 1171 4443 tamen
1195 4380 1231 4441 ut
1250 4378 1422 4460 exigeretur
1438 4398 1475 4443 ea

193 4486 385 4549 curaverant.
413 4486 494 4549 Nam
520 4485 579 4549 etsi
596 4505 651 4550 suo
666 4485 733 4549 iure
751 4484 914 4576 ἐπιβολὴν
935 4484 1111 4568 ἐπέβαλον,
1136 4487 1342 4550 deliberantes
1359 4505 1473 4561 secum,

195 4594 312 4674 quanta
334 4593 450 4656 iniuria
471 4592 664 4676 Polyaenum
688 4595 781 4657 antea
803 4595 1000 4671 tractassent,
1024 4594 1133 4677 culpae
1158 4594 1216 4657 sibi
1240 4594 1354 4657 conscii
1377 4593 1473 4656 fuisse

193 4755 351 4764 n—-..—--—
355 4755 511 4762 ——---—-.

286 4878 356 4949 μοι.
375 4879 390 4946 a
410 4884 425 4934 s
445 4879 566 4946 esaar.

282 4968 303 5037 ²)
322 4968 355 5022 cf.
374 4968 413 5024 Li.
433 4985 529 5021 reeens.
549 4986 569 5023 s.
589 4986 612 5023 c.

284 5060 305 5129 ³)
323 5056 373 5112 etsi
392 5059 423 5111 de
441 5057 539 5112 multae
557 5057 739 5126 magnitudine
758 5057 836 5110 aliam
856 5060 934 5126 atque
953 5055 979 5111 S.
999 5058 1155 5112 sententiam
1173 5057 1264 5112 habeo.
