3330 5542
725 297 936 360 ..43-

188 497 356 559 sumuntur
390 495 517 577 Lysiam
556 513 650 557 usum
690 513 758 558 esse
796 493 886 558 Dion.
925 493 1016 557 docet
1053 493 1109 579 (de
1147 494 1219 577 Lys
1259 516 1282 562 o.
1317 493 1389 578 17),
1427 499 1473 560 ita

188 604 279 666 illum
318 604 493 679 affeetasse,
530 603 567 664 nt
603 601 752 665 maiorem
790 601 853 665 fere
892 602 920 665 ei
959 621 1052 685 quam
1090 603 1261 666 narrationi
1297 604 1348 667 vel
1381 623 1472 686 argu-

187 711 374 774 mentatioui
399 711 462 774 vim
485 710 644 785 tribueret,
677 710 727 772 his
752 709 852 773 verbis
882 706 962 793 (ib.):
995 701 1299 800 ἠθοποιεῖ-πάδη
1331 710 1472 800 μέτρια

188 812 395 904 προσάπτων
416 819 448 881 et
470 837 506 881 ex
530 817 585 899 εἰσ,
610 835 689 898 quae
713 818 888 898 sequuntur
911 818 1038 902 (ο.19);
1067 814 1204 905 περὶτὰ
1228 813 1327 907 πάδη
1346 819 1470 902 μαλα-

187 915 362 1007 κώτερός
383 919 465 987 ἐστι
487 920 545 987 καὶ
573 913 650 986 olive
677 913 832 1009 αὐξήσεις
855 912 931 986 oiim
957 915 1129 998 δεινώσεις
1150 913 1229 986 οὔδ’
1255 916 1319 986 ὅσα
1340 917 1472 1000 τούτοις

186 1025 255 1092 ἐστὶ
271 1018 494 1113 παραπλήσια
509 1026 668 1102 νεανικῶς
682 1022 739 1090 καὶ
752 1019 839 1090 πάνυ
853 1023 1049 1113 ἐρῥωμέντυς
1059 1020 1307 1091 κατασκευάσαι
1323 1021 1471 1104 δυνατός,

188 1133 364 1197 existimare
387 1130 566 1214 vetamure)
613 1131 716 1209 Quare
740 1132 836 1196 etiam
860 1131 942 1212 quod
965 1133 1024 1195 hae
1047 1133 1080 1194 in
1103 1134 1191 1215 parte
1214 1133 1348 1215 periodis
1372 1135 1473 1197 utitur

187 1243 291 1304 orator
313 1241 515 1304 offensionem
538 1240 680 1323 praebet3
715 1239 828 1322 quibus
853 1238 998 1303 effoetum
1031 1240 1128 1303 istum
1157 1259 1342 1322 exaggerare
1367 1239 1470 1322 virlt.²)

188 1387 228 1394 —
255 1348 316 1412 Sed
348 1349 412 1410 iam
445 1347 569 1428 singula
602 1346 826 1428 examinemus
860 1347 973 1429 quibus
1001 1346 1188 1429 Polyaenus,
1220 1347 1376 1429 imprimis
1399 1348 1471 1411 inde

189 1476 207 1520 a
231 1460 249 1538 ἓ
276 1458 325 1532 15,
349 1456 407 1518 hoo
430 1454 566 1530 oonsilio,
600 1455 635 1516 ut
657 1453 690 1516 id
714 1452 796 1534 qnod
828 1454 964 1517 intendit
986 1454 1099 1518 melius
1123 1456 1338 1535 consequatur,
1367 1474 1471 1518 rerum

189 1565 329 1627 actarum
352 1561 481 1625 modum
504 1563 535 1624 et
558 1561 724 1624 veritatem
748 1561 875 1625 ereedit.
922 1562 967 1626 Ut
989 1561 1128 1644 primum
1155 1580 1217 1624 non
1242 1580 1278 1624 ex
1300 1580 1373 1624 vero
1398 1562 1473 1626 dicit

188 1671 265 1733 haec
289 1671 320 1755 (ξ
347 1667 416 1751 15):
451 1660 634 1750 ὀμόσαντες
666 1663 758 1746 τοὺς
788 1659 1078 1752 ἀστρατεύτους
1107 1666 1337 1745 καταλέξειν
1366 1667 1473 1757 παρέ-

187 1783 294 1865 βησαν
316 1771 394 1852 τοὺς
417 1771 548 1860 ὅρκους.
593 1773 677 1837 Nam
701 1795 752 1839 eos
777 1794 908 1856 quoque,
933 1776 986 1856 qui
1009 1775 1074 1838 iam
1098 1775 1328 1852 militavissent,
1357 1776 1472 1839 iterum
1548 1817 1554 1825 ·

190 1883 228 1946 ad
253 1902 340 1946 arma
362 1882 465 1958 vocari
488 1881 626 1963 potuisse
650 1882 796 1945 vidimus.
841 1882 961 1945 Deinde
994 1883 1102 1945 verba:
1138 1873 1338 1970 προῦθεσαν
1363 1882 1400 1948 δὲ
1426 1883 1473 1967 τῷ

189 1984 318 2077 πλήθει
341 1982 596 2072 βουλεύσασθαι
617 1988 713 2076 περὶ
734 1991 804 2054 τοῦ
828 1983 1010 2070 σώματος
1039 1987 1120 2074 (ib),
1155 2008 1234 2070 quae
1267 1989 1307 2053 ad
1340 1990 1474 2072 priorem

189 2117 316 2161 oausam
339 2096 446 2159 referri
469 2114 532 2158 non
554 2114 645 2177 posse
670 2115 764 2179 supra
788 2094 1033 2180 explicandum),
1066 2096 1120 2159 sed
1145 2095 1184 2159 ad
1217 2090 1382 2184 ἐπιβολήν
1404 2098 1423 2161 i.
1448 2115 1473 2160 e.

190 2206 228 2269 ad
251 2201 374 2290 μικρὰν
388 2196 519 2289 βλάβην
541 2202 696 2283 pertinere
721 2223 757 2267 ea
785 2223 864 2284 quae
898 2206 1071 2285 sequuntur
1095 2203 1214 2278 docent,
1247 2221 1282 2266 eo
1311 2204 1474 2267 molestius

189 2332 256 2376 rem
278 2312 311 2373 in
335 2311 436 2373 maius
461 2308 620 2386 extollunt,
645 2311 726 2392 quod
750 2313 852 2394 pergit
875 2313 978 2375 orator
1001 2312 1032 2393 (ξ
1052 2308 1120 2393 16)
1144 2304 1209 2391 ab)
1233 2299 1306 2370 e'dv
1325 2301 1475 2393 ἔπραξαν

188 2417 367 2498 μέλλοντες
387 2410 537 2500 μεγάλα
556 2415 617 2496 μὲν
639 2416 697 2500 ἐμὲ
717 2412 865 2503 βλάψειν
891 2443 919 2482 κ.
943 2442 970 2482 τ.
996 2418 1025 2482 λ.
1079 2417 1176 2496 Quasi
1210 2417 1379 2481 adversarii
1411 2437 1474 2481 non

190 2525 358 2589 admodum
381 2544 513 2606 magnas
537 2527 565 2589 ei
588 2525 719 2588 iniurias
742 2525 856 2588 inferre
880 2525 1051 2588 voluerint!
1079 2527 1228 2588 Attamen
1244 2525 1369 2588 illorum
1392 2525 1474 2588 inso-

188 2633 286 2696 lentia
319 2635 438 2715 quanta
470 2633 565 2697 fuerit
597 2632 738 2716 pluribus
771 2633 897 2695 enarrat
930 2634 1033 2696 orator
1065 2634 1097 2695 et
1120 2651 1153 2696 se
1176 2637 1247 2709 τοῖς
1266 2628 1475 2714 μεγίστοις

189 2733 373 2828 ἀτυχήμασι
402 2746 601 2828 περιπεσεῖν
629 2741 789 2803 asseverat
807 2740 838 2823 (ξ
856 2737 920 2822 22).
949 2740 1043 2804 Porro
1059 2739 1136 2802 illud
1155 2758 1276 2822 quoque
1301 2732 1473 2824 ἐξήλασαν,

190 2847 227 2911 de
252 2847 400 2930 quoiam
433 2865 528 2929 supra
560 2847 829 2930 disputavimus,⁵l
862 2866 928 2910 rem
958 2866 1071 2928 augere
1103 2846 1235 2910 videtur.
1255 2844 1368 2908 ‘Adde
1393 2843 1475 2924 quod

190 2953 322 3017 eandem
353 2954 546 3031 iactantiam,
581 2974 660 3037 quae
695 2956 734 3035 ἓξ
769 2957 809 3016 15
835 2973 902 3035 sqq.
936 2953 1030 3016 nimis
1065 2954 1212 3036 superieit
1243 2953 1337 3016 fidem
1376 2952 1408 3014 et
1434 2969 1474 3013 ne

190 3060 365 3143 petulantia
389 3060 516 3141 quidem
539 3062 668 3125 militari
692 3062 768 3125 satis
792 3061 932 3124 excusari
955 3062 1065 3143 potest,
1098 3080 1153 3144 per
1181 3062 1280 3123 totam
1303 3059 1475 3124 orationem

190 3168 366 3250 Polyaenus
391 3168 525 3232 adhibet.
573 3167 633 3246 eui
668 3169 700 3230 in
734 3168 890 3251 prooemio
922 3169 954 3253 (ξ
980 3166 1013 3250 3)
1043 3169 1101 3232 sibi
1126 3162 1204 3252 περὶ
1234 3159 1389 3228 πάντων
1417 3159 1476 3249 τὴν

191 3267 380 3359 ἀπολογίαν
409 3276 586 3339 faciendam
619 3295 687 3339 esse
720 3277 834 3352 monet,
868 3295 1061 3357 quamquam
1094 3274 1174 3359 napi
1206 3269 1411 3361 ἐγκλήματος
1444 3273 1476 3334 et

192 3380 272 3468 περὶ
306 3383 367 3446 τοῦ
400 3377 531 3466 τρόπον
563 3384 688 3446 tautum
721 3383 859 3446 dicturus
893 3386 941 3446 est
978 3385 1009 3446 et
1042 3386 1060 3464 ξ
1096 3383 1114 3445 8
1148 3373 1198 3445 ἔτι
1234 3377 1393 3454 πλείονας
1419 3376 1476 3442 καὶ

191 3482 314 3570 νόμους
335 3486 393 3553 καὶ
415 3480 735 3566 dilacerandam
757 3510 789 3554 se
814 3490 984 3554 allaturum
1000 3510 1068 3554 esse
1083 3489 1273 3572 pronuntiat,
1298 3487 1351 3549 sed
1372 3504 1474 3568 neque

192 3595 229 3658 de
253 3595 374 3676 legibus
397 3614 500 3678 neque
524 3596 561 3659 de
586 3598 909 3676 argumentationibus
934 3598 1044 3661 deinde
1077 3599 1266 3680 promissum
1298 3591 1474 3676 praestati)

192 3702 260 3781 Quo
285 3703 366 3766 eerte
391 3702 486 3766 etiam
509 3704 707 3767 referendum
731 3707 787 3781 est,
811 3705 901 3784 quod,
925 3707 961 3768 ut
984 3705 1016 3767 in
1040 3706 1142 3788 prima
1157 3704 1245 3786 parte
1254 3700 1475 3781 intelleximus,

192 3808 270 3872 duas
293 3811 459 3873 veteranus
482 3810 567 3891 leges
590 3829 645 3893 per
669 3811 843 3874 ealumnias
877 3812 1046 3877 confundit.
1098 3810 1212 3875 Omnia
1245 3809 1361 3889 autem,
1395 3825 1474 3889 quae

284 4090 303 4153 1)
322 4085 355 4141 of.
381 4086 459 4139 Dion.
485 4084 516 4139 do
541 4086 616 4139 Dem.
640 4103 662 4139 o.
682 4090 713 4140 2:
737 4117 770 4126 —
795 4075 852 4141 καὶ
887 4071 935 4152 εἰς
961 4070 1079 4150 πάθος
1112 4069 1220 4160 ἐκείνη
1248 4065 1474 4157 (Θουκυδίδου

191 4175 293 4261 λέξις)
315 4180 529 4263 Πρθᾱγᾱγεῖνι
561 4173 609 4252 εἷς
642 4167 763 4266 (ibides
797 4173 881 4267 αὕτη
903 4173 1066 4264 (Λυσίου)
1089 4177 1294 4262 καταστῆσαι
1323 4167 1470 4237 δύναται.

192 4282 224 4337 ef.
245 4283 325 4336 etiam
343 4281 376 4335 B.
395 4281 422 4349 tl.
441 4282 461 4337 l.
480 4301 506 4352 p.
526 4284 597 4353 400),
617 4282 644 4338 C.
664 4283 691 4351 (l.
712 4283 729 4336 l.
748 4301 774 4352 p.
793 4287 827 4337 32
847 4284 904 4354 sq.),
924 4283 977 4339 Th.
996 4283 1061 4350 (1.1.
1080 4298 1105 4351 p.
1126 4285 1160 4334 28
1179 4279 1237 4348 eq.).

280 4370 460 4440 bmpss.
1189 4378 1192 4383 ⁴

283 4460 512 4531 bmpfflm

283 4551 304 4619 λ)
323 4550 361 4603 sie
379 4553 449 4603 reete
466 4550 532 4603 mihi
550 4550 638 4621 Saup
644 4569 670 4621 p.
690 4552 740 4622 (ep.
759 4551 818 4606 erit.
837 4568 862 4620 p.
885 4552 927 4617 13)
946 4549 1085 4603 coniecisse
1104 4546 1215 4600 videtur.

284 4638 512 4709 bmpfflm

282 4731 304 4795 6)
321 4728 379 4781 Etsi
406 4728 603 4782 Halbertsm.
633 4730 716 4783 eeouti
744 4728 786 4798 (ef.
815 4729 887 4781 leett.
915 4728 973 4796 Lye.
998 4745 1023 4796 p.
1046 4728 1088 4795 19)
1112 4726 1162 4778 hoo
1182 4726 1237 4778 loco
1268 4736 1473 4792 expungeremue

193 4829 284 4881 verba:
303 4815 361 4880 καὶ
388 4811 510 4898 νόμους
536 4813 594 4879 καί
617 4849 660 4892 -,
687 4832 778 4899 utpote
805 4830 869 4881 nata
895 4843 926 4880 ex
953 4825 1022 4878 mala
1043 4825 1144 4878 insoliti
1162 4823 1280 4878 vocabuli
1299 4805 1476 4882 δικαίωσις

192 4919 415 4989 interpretatione,
444 4937 474 4972 ea
501 4937 567 4989 qnae
594 4921 727 4989 promittit
761 4921 882 4975 exhibere
915 4935 988 4972 reum
1015 4918 1043 4971 in
1077 4916 1224 4969 defensione
1252 4933 1300 4968 sna
1326 4913 1474 4981 negandum

193 5007 267 5061 nobis
285 5011 362 5063 esset.
