3330 5542
277 1765 373 1874 Inter
401 1831 453 1875 eas
482 1812 646 1887 orationes,
681 1828 759 1892 quae
789 1827 983 1891 quamquam
1010 1809 1042 1871 in
1071 1828 1195 1892 eorpore
1223 1809 1354 1891 Lysiaeo
1381 1809 1471 1872 nobis

190 1919 321 1982 traditae
339 1923 421 1994 sunt,
445 1921 551 1981 utrum
568 1917 679 1999 Lysiae
703 1915 885 1979 tribuendae
910 1935 950 1978 an
975 1916 1199 1979 abiudieandae
1224 1917 1287 1979 sint
1303 1916 1473 1998 quaeritur,

188 2045 250 2088 non
275 2026 387 2088 ultima
411 2046 447 2089 ea
469 2027 611 2102 habetur,
636 2043 715 2105 qnae
739 2042 793 2106 pro
815 2023 913 2098 milite
938 2023 1054 2106 scripta
1077 2043 1196 2086 nonum
1220 2024 1339 2087 obtinet
1362 2024 1473 2087 loemn.

190 2133 271 2195 Sane
296 2133 431 2216 suspicio
455 2135 494 2196 ab
516 2131 761 2215 Harpocratione
786 2131 989 2211 grammatico
1012 2133 1107 2208 mota,
1132 2151 1185 2211 qm
1210 2151 1242 2193 se
1266 2131 1408 2194 dubitare
1433 2135 1495 2194 an'

189 2240 243 2302 illa
266 2240 362 2304 oratio
386 2240 524 2321 genuina
547 2259 609 2304 non
643 2239 692 2314 sit,
726 2257 749 2301 s.
772 2258 799 2301 v.
830 2231 1037 2319 draar'roorgl)
1070 2238 1232 2321 profitetur
1264 2239 1322 2302 hoe
1355 2239 1476 2302 addita-

188 2349 306 2410 mento:
333 2339 363 2407 ei
384 2338 517 2431 γνήσιος
540 2347 617 2430 (soil.
642 2336 659 2407 ὁ
684 2337 804 2427 λόγος),
829 2347 961 2426 augetur
984 2365 1029 2428 eo,
1057 2346 1139 2429 quod
1162 2347 1263 2408 multa
1291 2348 1322 2409 et
1346 2348 1384 2409 ab
1407 2346 1474 2410 iure

191 2454 284 2517 attico
317 2456 349 2517 et
382 2454 534 2536 alaysiae
563 2453 787 2517 eonsuetudine
821 2453 1020 2516 abhorrentia
1050 2453 1084 2515 in
1117 2453 1171 2515 illa
1193 2453 1340 2517 videntur
1362 2454 1474 2519 inesse.

189 2561 298 2641 Neque
316 2564 421 2641 tamen
437 2580 537 2644 usqne
563 2561 600 2624 ad
624 2561 709 2623 huno
725 2560 807 2624 diem
824 2579 868 2635 ea,
892 2579 972 2640 quae
994 2559 1033 2623 ad
1049 2560 1288 2624 examinandam
1304 2561 1476 2625 orationem

188 2669 364 2732 necessaria
403 2670 490 2745 sunt,
529 2668 588 2730 viri
627 2667 708 2731 dooti
748 2670 890 2731 aoeurate
929 2669 1210 2749 pertractaverunt,
1249 2671 1373 2750 exeepto
1412 2688 1474 2732 uno

191 2773 417 2857 Stutzero;‘=')
451 2775 504 2856 qui
536 2775 569 2837 in
602 2775 737 2838 Hermae
769 2775 839 2839 roll.
886 2774 951 2839 XV.
975 2795 1003 2857 p.
1033 2776 1098 2838 499
1124 2793 1189 2856 sqq.
1215 2777 1246 2839 et
1268 2773 1353 2839 XVI.
1377 2796 1406 2858 p.
1432 2778 1473 2840 89

122 2947 125 2954 ,
191 2901 257 2964 sqq.
281 2882 492 2958 hooeonsiliq
515 2881 651 2944 utitem
675 2884 767 2962 atque
791 2882 823 2943 in
841 2881 1006 2946 undecima
1029 2882 1175 2958 oratione,
1201 2901 1295 2964 qnam
1319 2882 1473 2964 epitomen

191 2990 403 3053 antecedentis
427 3008 494 3053 esse
518 2989 610 3053 hodie
634 2990 716 3052 inter
740 3007 847 3052 omnes
872 2973 1001 3065 constat,
1026 3008 1097 3052 oum
1120 2989 1153 3051 in
1178 2989 1247 3053 aliis
1263 2989 1386 3071 Lysiaei
1410 3009 1475 3053 eor-

189 3097 271 3179 poris
296 3096 486 3160 orationibns
519 3097 588 3159 tum
620 3096 652 3158 in
685 3115 768 3159 nona
794 3096 927 3177 vestigia
959 3097 1144 3179 excerptoris
1178 3099 1297 3160 exstare
1322 3097 1474 3173 ostendat,

191 3223 393 3285 quaeeunque
418 3203 457 3266 ad
480 3204 562 3267 hano
584 3203 750 3287 pertinent,
774 3202 939 3284 diligenter
962 3204 1014 3267 ille
1040 3204 1165 3284 quidem
1181 3204 1305 3286 profert,
1330 3205 1384 3268 sed
1407 3195 1499 3267 bre?

191 3311 322 3374 riarium
356 3329 426 3374 eam
460 3330 527 3375 esse
551 3311 822 3374 demonstraturus
846 3328 993 3392 persaepe
1020 3329 1038 3373 a
1061 3312 1143 3375 reete
1175 3311 1401 3395 interpretandi
1424 3311 1475 3375 via

189 3417 319 3482 deerrat.
350 3416 452 3495 Quare
469 3418 557 3481 nobis
581 3418 676 3481 istam
698 3417 869 3503 orationem
885 3419 1153 3499 perscrutantibus
1177 3421 1259 3483 oerte
1282 3438 1344 3481 non
1368 3437 1476 3482 veren-

190 3525 266 3587 dum
290 3527 346 3602 est,
369 3545 409 3589 ne
433 3525 623 3589 cantilenam
646 3526 710 3588 iam
734 3526 858 3607 saepius
882 3525 1047 3607 repetitam
1071 3545 1231 3590 canamus.

278 3635 457 3714 Antequam
481 3635 586 3697 autem
608 3633 667 3696 hoe
690 3633 803 3716 ipsum,
836 3633 943 3694 utrum
966 3633 1072 3709 oratio,
1106 3633 1143 3697 de
1169 3653 1231 3714 qua
1260 3633 1390 3714 agimus,
1424 3654 1476 3715 ge-

189 3739 287 3802 nuina
320 3740 361 3802 sit
387 3759 494 3817 neone,
527 3740 732 3821 inquiramus,
765 3739 864 3821 primo
897 3739 963 3802 loeo
997 3739 1034 3802 de
1067 3758 1163 3803 eausa
1196 3740 1262 3803 eius
1294 3741 1383 3804 nobis
1416 3743 1475 3805 erit
1529 3720 1531 3724 Α

189 3846 421 3929 disputandum.
454 3845 540 3924 Quae
566 3867 628 3911 non
644 3848 737 3912 modo
753 3846 863 3922 multa,
888 3864 967 3926 quae
992 3846 1031 3909 ad
1054 3847 1130 3909 iuris
1155 3847 1242 3910 attiei
1266 3837 1474 3929 cognitionem

191 3956 343 4038 spectant,
369 3954 422 4017 sed
448 3954 543 4017 etiam
565 3954 717 4018 nonnulla
740 3954 876 4038 praebet,
902 3973 987 4036 quae.
1000 3953 1085 4017 hand
1108 3954 1216 4038 pauois
1241 3956 1279 4018 ab
1302 3955 1476 4018 Atticorum

188 4081 248 4125 usu
271 4061 410 4124 iudiciali
434 4062 538 4124 aliena
560 4061 705 4125 videntur
729 4080 805 4125 esse.
852 4061 955 4138 Quare
982 4061 1117 4143 primam
1145 4062 1227 4124 hano
1251 4063 1475 4143 quaestionem,

189 4188 267 4231 num
291 4168 416 4231 omnino
440 4169 537 4232 oratio
562 4168 644 4252 apud
667 4168 785 4232 iudices
807 4168 915 4232 haberi
937 4169 1081 4250 potnerit,
1103 4170 1321 4252 pertractando
1345 4169 1475 4233 alteram

188 4276 276 4339 illam
300 4276 337 4339 do
360 4275 420 4338 fide
444 4275 688 4357 disputationem
713 4276 816 4356 aliquo
840 4275 931 4339 modo
947 4276 1147 4340 instruemus,
1179 4276 1281 4339 Tertio
1300 4276 1374 4353 loeo,
1398 4297 1475 4339 num

191 4429 513 4436 —.——.——-—--

280 4489 299 4558 4)
317 4488 472 4558 Harpoer.
493 4506 513 4542 s.
533 4507 556 4543 v.
577 4473 772 4554 δικαίωσις.
789 4475 925 4554 Λυσίας
945 4476 980 4542 ἐν
999 4479 1046 4562 τῷ
1067 4472 1153 4564 ὑπὲρ
1173 4480 1234 4543 ταῦ
1256 4472 1474 4567 στρατιώτου,

190 4575 219 4644 εἰ
240 4574 374 4672 γνήσιος
397 4579 468 4665 [καὶ
487 4575 606 4666 μάλα),
633 4579 694 4658 τὰς
718 4575 913 4658 δικαιώσεις
935 4579 1037 4670 φησὶν
1061 4573 1132 4646 ἀντὶ
1154 4583 1216 4646 τοῦ
1243 4577 1476 4666 δικαιολογίας

169 4693 214 4762 ,(§
233 4694 269 4764 8),
288 4694 333 4747 nbi
351 4695 442 4747 rerba:
461 4682 517 4749 καὶ
535 4679 626 4767 μάλα
651 4695 753 4749 adiecta
777 4712 832 4749 esse
851 4713 867 4748 a
884 4696 1000 4763 librario,
1025 4696 1164 4748 dissentire
1189 4712 1217 4748 so
1235 4696 1267 4747 ab
1286 4695 1387 4748 iudicio
1409 4695 1476 4747 Har-

189 4788 347 4856 pocrationis
365 4787 531 4856 significante
550 4806 609 4842 omn
628 4789 829 4842 Franckenio
848 4792 894 4856 (ε
912 4789 982 4859 Fra.)
1000 4791 1178 4857 (commentat.
1215 4789 1274 4857 Lys.
1294 4806 1319 4858 p.
1339 4790 1385 4857 64)
1404 4790 1475 4858 puto.

277 4880 299 4944 ²)
318 4877 423 4930 Stutzer
441 4901 477 4925 z
495 4878 547 4944 st.;

562 4967 652 5022 Herm.
672 4969 743 5022 XIV.
762 4985 787 5038 p.
809 4972 859 5022 499
879 4985 934 5038 sqq.
954 4989 990 5014 :
1009 4968 1047 5023 St.
1069 4970 1092 5034 1,

600 5099 614 5124 „
670 5058 739 5113 XVI.
759 5076 785 5128 p.
823 5062 857 5112 89
876 5075 932 5128 sqq.
952 5082 988 5105 --
1006 5059 1045 5113 St.
1065 5063 1090 5112 2.
