3330 5542
762 311 959 373 ...4-

218 509 296 574 forte
321 510 485 591 quaedam,
509 527 587 590 quae
612 506 812 571 offensionem
829 506 918 570 nobis
934 508 1092 588 praebent,
1117 510 1145 571 ei
1169 507 1222 588 qui
1239 512 1377 572 nostram
1394 508 1503 591 Lysia-

218 637 324 680 carum
349 618 525 681 orationum
549 615 762 679 collectionem
791 613 872 689 fecit,
907 613 1067 696 opprobrio
1102 615 1165 678 sint
1197 615 1341 679 habenda-
1364 636 1503 697 numque

217 725 339 806 integra
364 725 404 788 sit
426 742 509 787 nona
532 723 628 786 oratio
651 722 831 803 diligentius
855 721 1113 803 percontabimur.

308 832 368 897 Sed
392 833 455 895 ianr
478 830 620 895 nonnulli
642 830 700 893 viri
734 829 815 892 docti
838 827 996 891 mentione
1027 828 1113 909 digni
1148 832 1229 907 sunt,
1264 831 1316 914 qui
1351 834 1502 894 nontam

218 940 360 1001 accurate
394 941 448 1001 aut
481 938 601 1021 copiose
625 939 661 999 ut
685 937 728 1000 St.
753 936 791 999 dc
814 936 873 998 hac
897 936 1034 998 oratione
1064 939 1203 1017 egerunt,
1237 938 1291 1000 scd
1315 939 1439 1019 singula
1463 939 1500 1001 ad

221 1046 321 1108 totam
353 1046 522 1108 orationem
556 1043 745 1126 pertinentia
777 1044 822 1105 ita
855 1043 1094 1120 adnotaverunt,
1129 1046 1165 1106 ut
1197 1045 1285 1107 nobis
1318 1045 1502 1127 respiciendi

220 1152 290 1216 sint.
322 1152 359 1214 In
377 1153 489 1233 quibus
506 1151 659 1234 imprimis
683 1149 877 1213 Blossium
900 1149 956 1232 (z
972 1150 1021 1231 B.)
1045 1151 1195 1233 praedico,
1216 1170 1311 1234 aquo
1328 1152 1359 1214 in
1376 1151 1501 1216 »Gescla

219 1258 247 1323 d.
273 1260 328 1323 att.
351 1259 440 1324 Ber«
458 1259 505 1322 21.
527 1278 556 1340 p.
581 1260 644 1321 596
670 1277 735 1338 sqq.
760 1259 855 1320 etiarn
879 1256 916 1319 de
945 1275 1026 1319 nona
1048 1257 1160 1338 Iq'siae
1190 1258 1328 1321 oratione
1360 1259 1501 1340 pluribus

220 1367 324 1429 actum
358 1368 414 1448 est,
448 1365 558 1429 deinde
590 1364 864 1428 Franckenium
888 1364 948 1448 (z
971 1363 1061 1446 Fra),
1096 1365 1150 1448 qni
1183 1365 1216 1427 in
1250 1367 1407 1429 comment
1429 1366 1501 1447 Itys

217 1494 246 1556 p.
265 1475 396 1535 ol--ra
421 1474 522 1535 multa
546 1472 653 1535 attulit
675 1491 737 1535 non
760 1471 955 1552 negligenda,
979 1491 1068 1554 porro
1091 1472 1250 1534 Bakium
1273 1471 1329 1555 (z
1345 1470 1423 1553 Ba),
1448 1472 1501 1552 qui

216 1580 249 1642 in
274 1581 368 1644 schol.
392 1581 538 1663 hypomn.
562 1579 620 1643 vol.
644 1579 684 1642 Π.
708 1599 738 1660 p.
763 1580 948 1641 aas-254
971 1580 1053 1642 bano
1081 1579 1251 1642 orationem
1275 1579 1384 1660 tangit.
1440 1580 1500 1642 Eos

220 1689 324 1751 autern
348 1688 429 1750 riros
446 1686 561 1768 doctos,
586 1686 639 1767 qui
662 1705 727 1748 non
750 1685 781 1748 in
802 1685 982 1748 universum
1006 1686 1043 1748 de
1069 1705 1112 1761 ea,
1137 1687 1190 1749 sed
1215 1686 1252 1748 do
1277 1686 1408 1767 singulis
1432 1688 1502 1748 tan-

219 1795 289 1857 tum
312 1795 362 1856 vel
387 1793 621 1874 quaestionibus
644 1794 693 1855 vel
721 1793 796 1856 locis
820 1792 1042 1868 disseruerunt
1077 1812 1132 1856 suo
1155 1794 1220 1856 loco
1245 1794 1501 1857 commemorabo.

308 1900 427 1978 Quibus
451 1901 631 1984 praemissis
665 1899 849 1963 accedamus
882 1899 945 1961 iam
970 1899 1008 1961 ad
1033 1902 1253 1980 argumentum
1287 1900 1434 1962 orationis
1463 1900 1501 1962 de

218 2027 280 2091 qua
305 2008 493 2090 disputaturi
518 2028 626 2071 sumus
650 2007 785 2071 breviter
809 2006 1027 2070 enarrandum.

305 2115 532 2196 Polyaenus,
562 2134 655 2196 quem
678 2133 806 2177 oausam
831 2132 921 2193 agere
945 2115 1030 2176 recta
1056 2114 1168 2177 borum
1192 2113 1403 2196 verborumtl)
1427 2110 1500 2176 Λέ-

216 2241 329 2301 γοντος
359 2213 410 2282 ὅτι
434 2211 530 2283 οὐδὲν
557 2212 682 2283 diciano
706 2212 824 2306 χρόνον
844 2211 1100 2304 Καλλικράτους
1123 2212 1317 2294 Πολύαινος
1342 2212 1500 2306 ἐνδημοίη

216 2323 247 2407 (ξ
272 2321 305 2405 5)
329 2324 543 2406 interpretatio
568 2325 663 2401 docet,
687 2326 719 2388 in
743 2324 931 2408 prooemio
960 2325 1012 2403 (ἐξ
1039 2321 1137 2405 1-3)
1163 2325 1310 2407 queritur,
1341 2324 1423 2407 quod
1448 2324 1501 2387 ad-

216 2432 346 2494 versarii
370 2451 464 2495 causa
487 2433 629 2513 neglecta
652 2451 818 2514 personam
841 2431 1023 2495 calumniati
1047 2432 1124 2506 sint3
1149 2435 1338 2515 quapropter
1361 2451 1393 2495 se
1417 2451 1501 2495 nunc

219 2541 361 2602 coactum
384 2558 460 2616 esse,
483 2559 545 2603 non
570 2541 671 2603 solum
695 2539 732 2603 de
755 2539 823 2622 ipso
847 2538 975 2601 crimine
1001 2557 1033 2601 sc
1057 2539 1229 2616 defendere,
1260 2539 1314 2602 sed
1343 2540 1438 2603 etiam
1462 2540 1499 2602 do

217 2647 353 2709 moribus
378 2646 451 2710 suis.
490 2647 528 2709 In
550 2646 770 2709 narratione
795 2647 846 2729 (ξς
870 2644 971 2728 4-7)
996 2645 1106 2709 deinde
1129 2647 1199 2728 ipsa
1223 2647 1260 2709 de
1277 2666 1372 2710 causa
1388 2647 1499 2727 agitur.

217 2751 380 2835 Stipendia
404 2772 597 2836 quamquam
620 2754 712 2835 paulo
742 2755 813 2816 anto
843 2752 982 2828 confecit,
1015 2753 1129 2815 iterum
1158 2755 1263 2815 tamen
1292 2754 1423 2817 militiae
1447 2754 1500 2816 ad-

217 2861 350 2942 scriptus
366 2859 541 2942 Polyaenus
559 2861 786 2924 absolutionem
801 2880 864 2925 non
880 2860 971 2923 modo
987 2880 1049 2923 nou
1066 2860 1254 2942 impetravit,
1276 2860 1329 2923 sed
1347 2863 1499 2942 strategos

217 2967 249 3029 in
274 2968 376 3030 animo
400 2967 513 3030 habere
537 2969 573 3030 ut
596 2967 628 3029 in
652 2968 777 3031 vincula
801 2967 1001 3043 sciscerent,
1030 2967 1091 3029 nisi
1115 2967 1341 3030 oboedientiam
1369 2968 1500 3051 praesti-

216 3075 316 3157 tisset,
340 3075 422 3158 apud
446 3076 609 3138 tabernam
634 3075 842 3156 argentariam
866 3075 1024 3157 comperit.
1071 3073 1160 3151 Quod
1187 3094 1259 3138 oum
1283 3095 1373 3157 aegre
1397 3076 1499 3139 ferens

218 3183 465 3263 indignationem
490 3200 580 3244 suam
602 3182 705 3245 verbis
728 3183 821 3264 paulo
844 3182 1038 3246 liberioribus
1067 3182 1264 3259 declarasset,
1296 3183 1499 3266 imperatores

218 3289 255 3352 de
281 3290 426 3353 conviciis
450 3289 594 3352 certiores
618 3288 692 3352 facti
715 3290 849 3352 multam
874 3289 901 3351 ei
928 3289 1145 3372 imposuerunt
1172 3309 1273 3370 neque
1305 3292 1412 3354 tamen
1441 3292 1502 3353 eri-

217 3397 352 3478 gendam
375 3398 571 3477 curaverunt,
595 3395 650 3458 sed
674 3387 827 3481 ἐξιούσης
848 3393 907 3479 τῆς
927 3385 1028 3481 ἀρχῆς
1051 3396 1178 3459 demum
1201 3397 1365 3480 praefectis
1390 3399 1500 3460 aerarii

216 3504 446 3579 commiserunt,
481 3503 533 3584 qui
557 3522 652 3566 causa
675 3503 807 3585 cognita,
840 3503 899 3566 etsi
924 3485 1053 3585 strategi
1077 3504 1143 3568 iure
1172 3505 1305 3567 militem
1328 3506 1500 3571 multatum

216 3630 283 3674 csse
317 3612 472 3687 dixerunt,
511 3630 566 3673 suo
599 3611 734 3692 periculo
766 3629 899 3692 poenam
935 3611 1131 3676 remiserunt.
1196 3611 1298 3689 Quare
1332 3614 1499 3675 veteranus

215 3719 382 3801 pecuniam
414 3738 476 3782 non
511 3718 610 3782 solvit.
672 3716 734 3781 Sed
768 3717 938 3780 adversarii
970 3719 1036 3781 eius
1069 3720 1220 3782 bonorum
1253 3719 1500 3799 designationem

216 3814 447 3909 (ἀπογριιφήν)
472 3825 651 3888 detulerunt
675 3823 714 3886 ad
736 3824 862 3889 iudices.
902 3823 991 3902 Quod
1008 3825 1073 3887 iure
1098 3825 1217 3888 factum
1241 3845 1308 3889 esse
1324 3825 1500 3908 Polyaenus

216 3933 319 4013 negat.
365 3932 402 3994 In
432 3932 777 4014 argumentationis
805 3933 889 3995 enim
917 3933 1040 4015 priore
1069 3935 1177 4015 parte
1206 3934 1262 4015 (ἕξ
1288 3931 1501 4015 8*12)de-

216 4042 390 4102 monstrare
424 4039 529 4103 studet
562 4042 593 4102 et
619 4039 801 4102 remissione
833 4058 889 4120 per
920 4035 1043 4117 ταμίας
1076 4038 1185 4102 effecta
1218 4059 1250 4103 se
1283 4041 1367 4104 omni
1400 4042 1500 4103 multa

218 4147 386 4210 liberatum
410 4150 441 4210 et
468 4147 593 4210 omnino
618 4165 688 4210 cam
715 4146 829 4208 iniuria
857 4146 915 4209 sibi
939 4146 1118 4228 impositam
1151 4166 1233 4220 essc;
1265 4167 1340 4210 nam
1373 4149 1441 4230 lege
1465 4151 1501 4212 ut

218 4245 248 4314 ολ
280 4249 315 4315 ἐν
345 4253 393 4337 τῷ
424 4247 585 4338 συνεδρίῳ
617 4250 849 4340 λοιδοροῦντες
881 4248 1029 4336 ἐπιβολῇ
1064 4254 1236 4336 puniantur
1267 4256 1433 4337 postulari;
1468 4275 1500 4319 se

218 4364 323 4424 autem
348 4364 434 4425 entra
457 4361 576 4425 curiam
600 4360 705 4426 fuisse.
744 4361 910 4424 Praeterea
933 4362 1085 4442 strategos
1110 4381 1153 4438 eo,
1178 4362 1259 4444 quod
1282 4381 1384 4444 neque
1407 4364 1501 4426 ratio-

217 4487 290 4532 nem
313 4469 522 4533 reddidissent
539 4461 642 4553 neque
659 4470 792 4532 multam
818 4468 899 4551 apud
922 4468 1040 4531 iudices
1066 4469 1268 4532 sanciendam
1296 4472 1500 4546 curavissent,

216 4575 348 4638 iniuriae
379 4576 437 4638 sibi
462 4581 600 4642 conscios
629 4596 696 4641 seso
729 4575 908 4658 prodidisse.
963 4576 1106 4659 Denique
1140 4576 1263 4640 etiamsi
1295 4580 1419 4660 praeter
1450 4578 1499 4640 ius

217 4683 318 4745 multa
342 4683 400 4746 sibi
425 4685 463 4747 ab
488 4685 599 4747 aerarii
615 4683 779 4767 praefectis
804 4685 887 4746 esset
902 4683 1082 4760 condonata,
1105 4704 1168 4748 non
1190 4685 1224 4747 in
1249 4704 1290 4762 sc,
1315 4686 1368 4748 sed
1392 4685 1423 4747 in
1448 4704 1499 4748 eos
1590 4755 1593 4760 .

217 4809 341 4853 ornnem
367 4792 492 4873 culpam
514 4792 669 4855 recidisse.
715 4792 753 4853 In
782 4791 1127 4871 argumentationis
1156 4793 1364 4873 posteriore
1392 4795 1499 4875 parte

311 5019 328 5087 ¹)
348 5023 411 5072 sunt
429 5021 507 5073 verba
525 5023 683 5090 praetorum.
