3330 5542
723 318 934 382 ..19.„

189 520 311 602 partem
328 514 481 581 decimam
497 515 542 580 illi
560 516 740 581 convenisse
757 517 840 600 puto,
857 534 928 578 cum
944 515 1046 597 prima
1062 513 1163 581 oleam
1180 507 1346 594 sevisset.¹)
1370 509 1472 590 Quare

189 644 225 688 ex
248 626 298 687 his
323 624 471 707 exemplis
495 624 636 688 concludi
660 642 751 707 posse
774 641 862 704 nego,
886 623 1027 686 omnium
1051 641 1159 686 earum
1182 623 1363 698 multarum,
1393 639 1472 703 quae

189 732 233 794 rei
265 731 406 813 publicae
440 732 514 795 fisco
547 731 741 808 deberentur,
773 731 896 813 partem
930 730 1090 812 quandam
1117 731 1212 794 ctiam
1235 730 1395 793 Minervae
1419 728 1474 790 tri-

187 839 297 903 butam
321 857 397 901 esse.
443 838 563 902 Deinde
597 837 627 904 S.
650 839 709 901 hoo
733 875 774 884 -
800 838 882 919 quod
915 837 981 920 ipse
1009 838 1206 901 miratur-
1231 836 1314 899 unde
1338 835 1475 912 eveniat,

190 950 225 1009 ut
247 945 416 1027 inscriptio,
441 965 520 1028 (puae
544 946 576 1007 in
602 964 671 1009 arce
694 944 778 1008 facta
794 946 849 1020 est,
873 946 1023 1008 maiorem
1046 946 1112 1008 vim
1135 945 1279 1008 videatur
1303 944 1417 1007 habere
1441 943 1472 1004 in

189 1051 251 1116 illis
291 1071 370 1135 quae
409 1072 503 1135 supra
540 1052 800 1135 perlustravimus
838 1052 986 1134 exemplis
1019 1071 1115 1134 quam
1148 1054 1337 1135 praetorum,
1370 1070 1406 1113 er
1425 1068 1474 1112 -eo

191 1160 330 1242 explicat,
366 1160 447 1242 quod
481 1160 602 1223 decima
633 1159 787 1240 posterius
827 1177 922 1240 quam
955 1159 1077 1241 reliqna
1108 1160 1207 1224 maior
1244 1159 1363 1222 multae
1401 1175 1473 1240 pars

189 1267 328 1331 exsoluta
349 1267 390 1330 sit
413 1270 445 1329 et
459 1267 519 1330 hac
542 1266 669 1330 demum
693 1266 845 1329 exstincta
871 1266 1026 1348 quispiam
1048 1267 1131 1330 inter
1154 1267 1307 1331 debitores
1331 1266 1471 1349 publicos

190 1374 347 1437 numerari
371 1374 504 1439 desierit.
552 1373 613 1438 Sed
637 1373 760 1435 etiamsi
784 1373 1022 1437 concederemus
1045 1374 1112 1434 τῶν
1133 1373 1181 1454 τῷ
1200 1366 1351 1458 δημοσίῳ
1374 1361 1474 1455 ὀφει-

191 1475 339 1561 λομένων
370 1483 488 1544 certam
520 1483 642 1565 partem
675 1480 708 1542 in
741 1480 901 1544 Minervae
935 1499 1038 1544 aroanr
1071 1480 1206 1556 fluxisse,
1239 1480 1474 1562 inscriptionem

190 1592 296 1651 tamen
320 1589 353 1651 in
378 1588 496 1651 aerario
518 1588 642 1672 publico
666 1587 792 1668 factam,
816 1588 899 1671 quod
922 1590 1022 1652 maior
1044 1607 1116 1670 pars
1132 1588 1281 1670 pecuniae
1304 1588 1378 1650 huic
1401 1588 1474 1651 fisco

192 1695 295 1758 debita
319 1697 409 1772 esset,
432 1694 559 1758 maioris
584 1715 708 1777 quoque
731 1695 883 1759 momenti
899 1694 995 1759 fnisse
1019 1694 1104 1757 nullo
1123 1695 1215 1758 modo
1231 1695 1338 1785 negari
1354 1696 1475 1778 posset3

193 1802 235 1865 ita
259 1804 294 1864 ut
310 1821 346 1865 ex
363 1802 404 1867 Si.
422 1802 586 1884 sententia,
610 1821 664 1865 cur
679 1802 840 1883 inscriptio
856 1802 888 1863 in
905 1803 1082 1884 practorum
1107 1803 1175 1866 albo
1192 1802 1276 1865 facta
1291 1803 1475 1884 plerumque

193 1909 315 1973 silentio
338 1910 559 1992 praetermissa
583 1910 675 1986 esset,
698 1928 760 1972 non
785 1909 862 1972 satis
885 1907 1170 1990 intelligeremusa)
1203 1909 1308 1972 Tertio
1330 1909 1396 1973 loco
1419 1909 1476 1972 hoc

192 2018 273 2098 certe
308 2036 370 2079 non
404 2017 481 2079 satis
514 2036 621 2079 secum
654 2016 861 2080 consideravit
893 2014 937 2091 S,
982 2034 1078 2095 quam
1116 2016 1278 2098 parvulam
1314 2015 1478 2104 ἐπιβολῆς

192 2126 314 2206 partem
338 2142 374 2186 ex
407 2142 464 2186 sua
488 2124 643 2187 sententia
666 2119 697 2188 oi
720 2119 838 2206 ταμίαι
872 2122 1055 2202 exigendam
1086 2123 1308 2205 accepissent.¹
1332 2123 1476 2203 Quinque

192 2231 283 2306 enim,
306 2233 342 2293 ut
365 2230 509 2306 vidimus,
533 2230 689 2294 drachmis
708 2229 903 2311 Polyaenum
925 2230 1096 2293 multatum
1121 2248 1188 2293 esse
1212 2232 1317 2313 putat3
1343 2248 1477 2313 quarum

191 2357 263 2400 cum
294 2340 358 2400 tres
389 2339 437 2421 τῷ
458 2333 577 2424 ίδιώτγγ
610 2339 854 2418 exsolverentur,
893 2336 972 2399 duae
1010 2338 1180 2410 restarent3
1223 2338 1336 2400 barram
1370 2340 1477 2401 autem

191 2464 263 2527 pars
302 2444 424 2507 decima
465 2444 528 2507 fere
569 2445 650 2508 nihil
691 2448 746 2510 est.
802 2444 896 2509 Porro
940 2463 991 2507 eos
1029 2444 1126 2519 lucca,
1166 2445 1278 2525 quibus
1323 2445 1476 2527 imprimis

191 2551 267 2614 mibi
301 2550 331 2615 S.
364 2551 403 2614 ad
436 2551 612 2633 opinionem
645 2571 736 2615 suam
769 2550 922 2615 adductus
955 2549 1078 2615 videtur
1112 2570 1191 2634 esse,
1224 2552 1301 2617 falso
1325 2553 1476 2636 interpre-

192 2659 284 2722 tatur.
313 2657 413 2722 ·Sunt
437 2657 521 2721 enim
544 2655 709 2742 praecipue
733 2659 794 2722 diro
817 2659 892 2733 loci3
926 2659 1005 2722 alter
1027 2659 1060 2720 in
1085 2656 1200 2744 [Dem]
1235 2680 1259 2723 o.
1282 2660 1409 2724 Theocr.
1434 2677 1475 2722 or.

193 2765 211 2846 ἓ
236 2766 276 2830 19
301 2785 355 2845 sq,
378 2765 431 2828 ubi
447 2766 525 2829 haec
540 2765 702 2847 leguntur:
726 2759 860 2852 ὀφείλει
881 2764 1105 2843 πεντακοσίας
1123 2765 1273 2855 δραχμὰς
1296 2762 1478 2854 Θεοκρίνης
1503 2851 1505 2855 7

193 2862 317 2943 οὑτοσί,
355 2861 423 2933 οὐκ
455 2863 708 2945 έκτετικότος
741 2861 845 2953 αὐτῷ
878 2870 948 2933 τοῦ
976 2866 1129 2957 πατρὸς
1157 2859 1204 2947 δίς
1235 2868 1477 2958 προσῶφλεν

192 2965 401 3058 ἀφελόμενος
434 2969 493 3060 την
526 2966 776 3060 Κηφισοδιίροο
810 2966 1025 3058 θεράπαιναν
1064 2968 1111 3049 είς
1143 2969 1355 3060 ἐλευθερίαν,
1392 2967 1477 3038 ἀλλὰ

193 3072 453 3163 διοικησαμένου
477 3072 564 3164 πρὸς
585 3073 775 3165 Κτησικλέα
799 3072 857 3140 τὸν
879 3070 1099 3163 λογογράφον,
1124 3067 1163 3152 ὃς
1185 3067 1224 3165 ἢν
1245 3074 1302 3142 ἐπὶ
1322 3084 1393 3154 τοῖς
1411 3081 1478 3142 των

191 3171 367 3243 ἀντιδίκων
393 3176 598 3270 πράγμασιν,
629 3175 730 3244 ὥστε
764 3171 850 3266 μήτ’
887 3175 1042 3244 ἐκτῖσαι
1063 3171 1150 3265 μήτ’
1174 3174 1230 3255 είς
1251 3171 1478 3267 ἀκρόπολιν

193 3273 329 3362 άνενεχ
339 3286 474 3370 θῆναι·
497 3274 539 3361 δίς
562 3276 659 3349 οὐδέν
680 3270 787 3369 ἧττον,
809 3272 917 3365 οἶμαι,
942 3279 1125 3371 Θεοκρίνης
1148 3273 1281 3368 ὀφείλει
1303 3282 1370 3348 νυνί
1393 3281 1476 3347 κατὰ

192 3382 249 3449 τὸν
272 3381 387 3471 νόμον·
420 3382 458 3452 οό
494 3385 557 3474 γάρ
591 3383 649 3451 ἐὰν
680 3385 870 3473 Κτησικλῆς
903 3379 1100 3469 ὀμέτοικος
1131 3379 1324 3472 συγχωρήσῃ
1356 3379 1476 3470 ταύτην,

193 3488 341 3581 πονηρὸς
356 3492 503 3580 πονηρῷ,
525 3486 576 3578 μη
599 3490 890 3576 παραδοθῆναι
907 3493 990 3565 τοῖς
1009 3484 1238 3575 πράκτορσι
1260 3483 1325 3551 τὸν
1346 3511 1478 3574 προσ-

194 3590 376 3682 οφλόντα
411 3591 507 3658 κατὰ
532 3589 572 3656 τὸ
607 3585 736 3675 νόμον,
759 3588 815 3657 διὰ
831 3595 927 3656 τοῦτο
951 3592 1003 3656 δεῖ
1025 3587 1083 3672 τίν
1100 3585 1201 3655 πόλιν
1220 3582 1477 3675 άπεστερέσθαι

193 3701 260 3763 ταῖν
275 3696 311 3763 ἐκ
326 3701 392 3763 τιῦν
408 3691 519 3780 νόμων
539 3692 761 3777 ἐπικειμένων
777 3693 904 3781 ζημιοῦν
920 3735 972 3774 -,
996 3698 1074 3762 alter
1094 3698 1127 3760 in
1148 3698 1287 3761 eiusdem
1311 3717 1334 3763 a.
1351 3699 1476 3762 Thabor.
1577 3774 1584 3786 θ

193 3829 234 3874 or.
260 3811 278 3891 ξ
302 3811 354 3885 48,
377 3807 430 3872 ubi
455 3807 617 3871 accusator
643 3805 721 3868 haec
748 3805 842 3869 verba
869 3806 998 3889 profert:
1034 3797 1128 3888 οἶμαι
1162 3796 1317 3882 δἀὖτοδς
1351 3804 1476 3885 ἐπιχει-

192 3908 307 4002 ρήσειν
329 3908 446 3995 λέγειν,
479 3904 525 3987 τίς
545 3901 619 3974 οόδ’
643 3904 725 3974 εἰσὶν
747 3905 905 3987 ἐνδείξεις
934 3904 1070 3986 τούτων,
1105 3904 1198 3987 ὅσοι
1219 3907 1269 3998 μὴ
1296 3907 1335 3973 έν
1357 3900 1478 3995 ἄκρο-

194 4012 318 4082 πόλει
340 4012 687 4100 ἐπιγεγραμμένοι
720 4007 835 4088 εἰσίν,
871 4005 943 4078 οὐδ’
978 4011 1048 4078 ἐστὶ
1073 4008 1205 4077 δίκαιον
1232 4006 1370 4088 τούτους
1390 4005 1477 4076 ὑπο-

194 4113 378 4204 λαμβάνειν
401 4108 562 4205 ὀφείλειν,
597 4103 647 4181 ὧν
670 4109 805 4194 οὐδεὶς
824 4114 1039 4203 παρέδωκε
1067 4120 1152 4190 τοῖς
1184 4108 1409 4202 πράκτορσι
1432 4111 1477 4178 τὰ

194 4221 379 4308 ὀνόματα.
436 4223 520 4302 Quos
552 4225 634 4289 locos
668 4225 698 4291 S.
731 4225 776 4289 ita
808 4224 948 4307 explicat,
981 4225 1017 4286 ut
1050 4221 1181 4286 eandem
1212 4221 1347 4284 multam
1381 4222 1412 4283 et
1443 4221 1476 4282 in

195 4324 395 4420 πρακτόρων
427 4331 496 4395 albo
535 4335 566 4396 et
596 4333 630 4396 in
664 4351 732 4396 arce
765 4332 798 4394 in
830 4331 990 4394 Minervae
1023 4329 1139 4412 templo
1172 4329 1300 4392 inscribi
1334 4328 1477 4391 debuisse

196 4496 516 4505 ————-——-—-

286 4610 305 4680 1)
323 4609 356 4664 of.
375 4609 526 4680 Apollod
544 4608 593 4676 ΙΙΙ,
619 4613 660 4675 14,
682 4612 705 4674 1,
725 4612 756 4661 5:
780 4593 836 4660 καί
856 4589 982 4660 τούτων
1001 4587 1164 4682 (Ἀθηνᾶς
1178 4591 1235 4658 καί
1247 4592 1478 4677 Ποσειδῶνος)

196 4696 399 4781 δικαζόντων
422 4695 441 4788 ἡ
463 4695 555 4788 χαίρα
577 4703 636 4789 τῆς
660 4693 810 4787 Ἀθηνᾶς
829 4695 961 4788 έκρίθη,
993 4696 1174 4785 Κέκροπος
1196 4690 1477 4784 μαρτυρήσαντος,

195 4799 249 4870 ὅτι
270 4807 406 4893 πρῶτον
425 4801 484 4892 τὴν
504 4799 620 4868 ἐλαίαν
641 4799 829 4890 ἐφύτευσεν.

285 4926 465 4998 ὴάμῆ
