3330 5542
731 322 942 385 „47-

191 517 280 602 (Xen.
304 517 384 582 Hell.
408 518 431 594 I,
455 519 485 595 2,
512 516 580 600 15);
613 511 796 602 συνέβησαν
833 510 865 578 οὶ
900 517 1105 602 σιραιιιῦται
1142 498 1254 582 οὗτοί
1274 510 1387 595 αὐτοῖς
1421 515 1478 583 καὶ

190 615 378 712 ἠσπάζοντο
407 620 499 699 τοὺς
528 618 626 705 μετὰ
661 616 871 709 Θρασύλου
900 625 957 711 (ib.
981 627 1005 703 I,
1034 629 1062 703 2,
1094 622 1169 711 17‘);
1205 620 1236 689 oi
1268 623 1302 690 ὲν
1330 627 1374 711 τῇ
1402 621 1477 708 Χίῳ

191 726 286 812 μετὰ
312 732 382 793 τοῦ
401 721 620 795 Ἐτεονίκου
643 752 754 816 σιρατ.
780 733 831 816 (ib.
855 733 895 810 H,
922 737 952 815 1,
977 732 1024 816 1);
1047 733 1096 816 τῷ
1118 728 1215 814 μετὰ
1236 724 1476 816 Ἀρχιδάμου

192 829 414 921 στρατεύματι
444 839 497 923 (ib.
526 839 581 921 VI,
610 843 640 921 l,
669 840 741 922 26);
773 841 844 914 τοῖς
867 831 954 919 μεθ’
985 832 1129 903 ἑαυτοῦ
1159 842 1211 925 (ib.
1240 841 1308 917 VH,
1342 844 1372 922 5,
1405 838 1476 923 23);

192 939 224 1007 ολ
248 935 326 1026 μετ’
345 935 528 1031 Ἀριαίου
558 945 651 1030 (Xen.
676 950 732 1012 An.
756 949 780 1024 I,
807 950 856 1025 10,
883 948 928 1029 1);
962 940 994 1009 oi
1018 937 1095 1028 μετ’
1124 939 1363 1033 Εὐρυσθέως
1392 949 1475 1033 (llys

191 1046 231 1129 ΙΙ,
258 1052 327 1136 15);
351 1053 389 1117 of.
412 1044 581 1128 Διόδσιος
604 1051 800 1136 καταλεγεὶς
819 1050 915 1118 μετὰ
945 1046 1158 1140 Θρασύλου
1183 1056 1267 1141 (Lys.
1290 1056 1419 1132 XXXII,
1442 1055 1477 1139 5)

193 1162 223 1222 et
248 1154 396 1222 ἕπεσθαι
417 1151 514 1241 μετά
537 1181 647 1235 ιινσς
667 1162 723 1246 (τ.-
747 1163 835 1243 sequi
860 1163 964 1245 aliquo
988 1163 1087 1244 duee),
1110 1165 1146 1226 ut
1169 1182 1215 1246 ap.
1232 1163 1311 1228 Plat.
1327 1162 1476 1244 legimus:

192 1260 407 1353 σωθήσονται
435 1260 534 1348 μετὰ
564 1264 800 1354 πρεσβυιέριυν
831 1260 1031 1353 ἡγεμόνων
1060 1262 1231 1350 ἐσόμενοι.
1279 1271 1360 1334 Itenr
1391 1261 1476 1351 μενά

192 1396 283 1450 τινος
302 1375 369 1439 fieri
393 1393 430 1437 ea
453 1374 513 1438 diei
537 1376 647 1452 solent,
677 1395 756 1459 quae
782 1378 913 1441 alieuius
936 1379 1123 1455 interventu,
1157 1378 1279 1456 auxilio,
1308 1378 1478 1455 voluntate,

194 1484 321 1547 oonsilio
343 1483 437 1555 fiunt;
472 1482 507 1546 of.
532 1483 626 1545 Thuo.
649 1482 706 1560 III,
731 1485 788 1558 66;
811 1485 848 1562 V,
873 1487 924 1562 29,
949 1487 1006 1559 823
1038 1485 1250 1568 V1‚28,79;
1282 1485 1360 1550 Xen.
1383 1487 1476 1549 Mem.

191 1591 247 1668 IH,
271 1592 300 1668 5,
325 1593 353 1652 4.
399 1587 502 1666 Quare
526 1588 614 1652 illam
638 1592 827 1655 sententiam
851 1592 875 1655 si
906 1611 1114 1672 sequeremur,
1148 1594 1291 1677 princeps
1327 1593 1477 1675 quodam-

194 1698 285 1762 modo
308 1699 487 1780 praetorum
511 1695 659 1761 Ctesioles
684 1701 774 1763 esset.
820 1698 867 1762 De
884 1699 1078 1780 singulorum
1095 1703 1201 1764 autern
1216 1701 1298 1764 inter
1322 1701 1476 1780 strategos

195 1806 344 1887 singulari
377 1804 561 1868 auctoritate
593 1804 664 1868 inde
698 1807 737 1870 ab
761 1805 844 1870 exitu
878 1807 981 1889 quarti
1010 1825 1035 1872 a.
1062 1806 1132 1871 Chr.
1156 1828 1185 1873 n.
1210 1807 1326 1871 saoouli
1350 1807 1477 1871 demum

194 1910 350 1993 seimusl)
406 1911 515 1991 Neque
540 1911 577 1975 de
602 1931 645 1989 ee,
670 1913 722 1996 qui
747 1907 931 1999 σιραιργός
961 1908 1018 1975 ἐπὶ
1049 1906 1090 1974 ιὰ
1122 1905 1214 1975 ὅπλα
1246 1912 1327 1990 (τῶν
1348 1905 1477 1993 ὅπλων)

194 2020 243 2084 vel
275 2015 333 2081 ἐπὶ
361 2013 440 2092 τοὺς
468 2009 611 2093 ὁπλίτας
642 2017 722 2102 (τῶν
752 2010 915 2102 (intrude)
944 2023 1126 2084 nominatur
1155 2023 1271 2104 quique
1305 2022 1478 2104 plurimum

195 2128 330 2194 valuisse
354 2146 426 2190 oum
450 2128 542 2190 antea
566 2128 635 2190 tum
658 2128 808 2191 Romanis
832 2129 1024 2210 temporibus
1047 2129 1180 2206 videtur,
1204 2130 1262 2192 hoo
1285 2128 1352 2192 loeo
1374 2130 1478 2212 potest

194 2235 330 2316 eogitari.
376 2235 438 2314 Qui
462 2237 534 2298 ante
557 2236 687 2299 tertium
720 2235 879 2298 saeculum
912 2255 974 2299 non
1006 2236 1147 2299 occurrit.
1192 2235 1247 2300 Sin
1272 2237 1378 2299 autem
1400 2228 1480 2308 τοὺς

193 2333 277 2421 μετά
298 2362 388 2416 τινος
407 2341 490 2405 idern
511 2344 604 2425 atque
628 2337 706 2415 τοὺς
727 2331 817 2425 ἀμφί
837 2363 911 2402 τινα
931 2343 982 2406 vel
1006 2337 1083 2416 ιούς
1103 2337 1184 2427 περί
1204 2364 1278 2404 τινα
1304 2342 1478 2422 significare

195 2449 412 2527 statueremus,
443 2470 483 2513 ne
515 2450 585 2513 turn
619 2449 745 2530 quidem
778 2468 832 2511 our
864 2450 988 2513 omnino
1022 2440 1205 2533 σιρυιηγός
1232 2449 1284 2512 illo
1319 2467 1361 2524 eo,
1396 2449 1477 2532 quod

193 2557 381 2620 nominatim
404 2558 539 2634 affertur,
574 2557 699 2638 collegis
734 2556 799 2620 suis
823 2557 913 2638 quasi
938 2559 1145 2640 anteponatur
1170 2558 1340 2640 appareret.
1396 2556 1478 2618 Nam

195 2663 317 2727 etiamsi
355 2664 552 2728 concedimus
586 2683 656 2727 oum
680 2683 742 2727 uno
775 2665 901 2727 tantum
930 2665 1114 2747 imperatore
1124 2662 1148 2747 ⁵²)
1181 2665 1373 2746 Polyaenum
1407 2682 1478 2725 oon-

197 2773 341 2851 questum
365 2791 432 2835 esse
457 2771 542 2853 (of.§
566 2775 601 2834 4:
629 2764 832 2855 νιροςελὶλών
861 2758 920 2831 οὖν
944 2772 995 2853 τῷ
1018 2770 1231 2856 σιραιργρῖ),
1254 2790 1291 2834 ex
1305 2770 1354 2833 his
1371 2771 1478 2832 tamen

194 2877 309 2942 verbis:
334 2868 522 2964 ἐπυθόμην,
546 2868 591 2951 ὡς
612 2919 645 2928 -
668 2867 865 2939 ἀπειλοῖεν
893 2871 1067 2958 λέγοντες
1092 2900 1121 2938 κ.
1145 2900 1169 2942 τ.
1190 2874 1218 2938 λ.
1246 2878 1347 2941 elnoet
1369 2896 1477 2940 omnes

194 2985 261 3068 pari
287 2985 377 3049 modo
401 2985 510 3048 militis
534 2985 782 3067 indignationem
806 2985 962 3061 incitasse,
997 2986 1042 3048 ita
1065 2988 1101 3049 ut
1125 2985 1292 3049 verisimile
1316 2986 1357 3049 sit
1381 2984 1480 3049 omni-

194 3093 252 3155 bns
277 3112 349 3156 eum
382 3093 478 3156 etiam
505 3093 702 3156 maledixisse
735 3094 773 3157 ob
806 3111 938 3174 eamque
970 3111 1038 3156 rem
1071 3111 1168 3177 aeque
1201 3111 1314 3156 novem
1347 3091 1478 3154 aliorum

193 3199 372 3263 interfuisse
396 3201 490 3282 atque
513 3200 597 3262 illius
622 3199 814 3282 Polyaenum
837 3200 950 3282 puniri.
1007 3200 1103 3265 Cuius
1126 3202 1287 3283 praeterea
1314 3217 1426 3262 nornen
1451 3198 1478 3261 si

196 3309 299 3371 orator
323 3307 478 3391 appellare
502 3307 659 3384 voluisset,
688 3309 769 3370 oerte
798 3308 862 3370 iam
892 3308 910 3389 ξ
934 3311 955 3370 4
979 3308 1145 3373 attulisset.
1202 3305 1304 3382 Quare
1329 3306 1477 3371 Ctesioles

194 3414 362 3497 imperator
385 3414 462 3476 mihi
485 3434 548 3477 non
571 3414 693 3478 videtur·
717 3433 795 3496 esse,
828 3415 882 3478 sed
905 3416 1009 3497 potius
1034 3415 1071 3478 de
1096 3415 1242 3478 arohonte
1272 3415 1345 3477 anni
1375 3415 1476 3494 334f3

196 3517 396 3602 cogitandum
435 3540 503 3585 esse
536 3540 607 3584 eum
639 3521 737 3584 urat
765 3524 849 3604 puto.
905 3521 1000 3585 Cuius
1034 3523 1156 3604 auxilio,
1190 3541 1383 3606 quamquam
1415 3540 1478 3584 non

195 3616 418 3711 requirendum
441 3627 501 3690 fuit
525 3629 678 3709 strategis,
702 3628 761 3690 niti
785 3629 942 3692 studuisse
965 3629 1119 3707 videntur,
1143 3630 1278 3693 multam
1301 3630 1333 3690 in
1357 3630 1477 3691 vetera-

194 3756 271 3798 num
281 3732 490 3817 irrogantes.³)
503 3773 542 3781 --
558 3733 643 3810 Quae
659 3755 732 3798 oum
754 3736 799 3798 ita
823 3737 886 3799 sint
900 3756 1034 3821 eumque
1051 3738 1171 3802 eluceat
1187 3737 1327 3801 absoluto
1351 3737 1478 3800 demum

193 3846 372 3927 praetorum
396 3862 524 3906 munere
553 3842 601 3924 (of.
627 3844 644 3924 ξ
670 3841 711 3924 6),
740 3845 810 3925 post
834 3844 976 3908 Ctesiolis
999 3845 1095 3926 igitur
1118 3864 1246 3927 annum,
1274 3862 1402 3907 oausam
1426 3861 1477 3905 eos

196 3951 304 4031 egisse,
329 3951 501 4013 orationem
526 3969 552 4014 a.
577 3947 678 4036 333ίῖ
702 3951 843 4013 habitam
868 3971 935 4015 esse
960 3952 1106 4035 suspicor.
1153 3951 1239 4029 Quae
1264 3950 1420 4014 sententia
1443 3968 1478 4012 eo

195 4056 352 4138 firmatur,
385 4057 466 4138 quod
500 4056 631 4121 Ctesiole
665 4058 811 4121 arohonte
844 4059 1085 4141 expeditionem,
1117 4058 1155 4121 de
1189 4078 1251 4142 qua
1282 4058 1396 4138 legitur
1429 4076 1477 4137 ap.

195 4160 306 4248 [Ποῖα]
331 4162 432 4241 XVII,
457 4165 508 4229 20.
533 4155 595 4250 (εἰς
615 4162 713 4226 ιοῦιο
736 4159 799 4249 γὰρ
832 4155 1025 4250 ὑπεροψίας
1058 4153 1167 4251 ἦλθον
1196 4157 1281 4226 ὥστε
1305 4157 1353 4237 εἷς
1380 4157 1476 4223 Τένε-

197 4345 515 4355 ———-—..—.-.-—-

286 4452 306 4519 ¹)
324 4449 358 4504 cf.
377 4449 409 4504 A.
427 4449 471 4503 Pr.
490 4452 537 4519 ²p.
559 4451 617 4506 120.

285 4566 306 4635 ²)
325 4564 436 4621 fortasse
460 4584 519 4620 eum
545 4555 654 4644 φυλῆς
672 4583 733 4620 suae
752 4565 792 4620 vel
811 4583 869 4619 eum
892 4583 929 4634 eo,
953 4567 1002 4620 sub
1020 4567 1096 4621 onius
1114 4566 1222 4637 imperio
1240 4567 1402 4620 militaturus
1421 4568 1479 4620 erat

195 4657 238 4726 (of.
257 4659 318 4727 Lys.
336 4659 447 4725 XXXII,
468 4661 503 4728 5).

286 4768 308 4831 3)
326 4765 384 4830 Qua
400 4767 429 4820 in
447 4785 475 4821 re
493 4768 657 4822 consentiens
681 4785 740 4822 eum
768 4766 859 4834 arao,
885 4768 1027 4820 seeundum
1047 4784 1084 4834 ea,
1111 4784 1177 4836 quae
1195 4768 1222 4820 in
1241 4768 1326 4837 prima
1344 4769 1418 4836 parte
1437 4782 1478 4818 ex-

137 4870 140 4877 ·
195 4856 338 4926 posuimus,
364 4856 471 4909 minimo
489 4856 600 4910 concedo
619 4874 651 4909 ea
668 4857 700 4911 de
718 4874 805 4925 causa,
833 4857 903 4927 quod
921 4857 973 4910 alia
991 4874 1093 4927 quoque
1111 4857 1162 4909 hac
1180 4857 1207 4908 in
1226 4858 1341 4910 oratione
1359 4858 1479 4925 pugnent

195 4962 254 4999 curn
273 4946 330 5000 iure
348 4945 445 5012 Attico,
473 4946 715 5015 interpretationem
738 4951 853 5001 nostram
881 4947 1040 5017 probabilem
1068 4946 1133 5000 fieri.
1171 4945 1214 5013 (ef.
1233 4946 1259 4999 N
1266 4964 1297 5014 o.‚
1321 4962 1397 5015 quom
1421 4944 1438 4998 l.
1458 4943 1475 4998 l.

195 5053 221 5105 p.
242 5037 294 5091 105
312 5036 381 5090 idem
400 5036 497 5089 sentire
516 5035 607 5104 video).
