3330 5542
730 277 942 340 -37-

191 456 430 554 διανοηθέντες
453 513 486 523 -
512 461 707 552 ἀγνοοῦντες
733 513 766 523 -
789 462 967 557 ἡγούμενοι
990 514 1024 524 -
1053 464 1375 557 καταφρονήσαντες,
1408 477 1428 557 ᾖ
1455 479 1476 540 4

191 596 253 661 sq:
276 568 485 660 ἀφικόμενος
510 565 543 630 -’
574 569 830 662 ἐπιδεδημηκιός
858 619 891 628 -
919 569 1126 657 αἰσθόμενος
1154 621 1187 630 -
1214 572 1419 662 προσελθών
1442 624 1475 634 -

190 676 529 769 προπηλακιζόμενος
550 727 583 736 -
601 674 835 769 ἀπορούμενος
851 725 885 735 -
905 677 1226 764 συμβουλευόμενος.
1249 686 1267 767 ἓ
1285 691 1319 749 7:
1340 685 1476 774 διανοη-

191 785 309 864 θέντες
331 833 364 841 -
389 780 676 870 ἀνακαλεσάμενοι
699 834 732 842 -
756 781 958 864 ἀκούσαντες
979 832 1012 841 -
1034 786 1275 865 ἐννοοῦντες-
1297 784 1476 856 διδάσκον-

190 917 244 969 τες
267 939 301 948 -
322 888 532 980 ἀποροῦντες
554 938 587 948 -
611 888 823 970 ὑποστάντες,
856 898 875 978 ξ
901 900 941 959 15
971 917 1053 979 sqq:
1088 888 1270 978 ὀμόσαντες
1293 942 1326 951 -
1351 894 1476 984 ζημιώ-

190 1022 308 1076 σαντες
329 1045 363 1054 -
386 995 715 1088 κατολιγωρήσαντες
730 1045 763 1054 -
779 995 1025 1082 βιαζόμενοι-
1041 1000 1218 1084 μέλλοντες
1232 1046 1266 1054 -
1288 999 1477 1085 νομίζοντες

76 1154 83 1163 .
189 1103 511 1183 -διατεθέντες-
535 1101 787 1192 παραγαγόντες
810 1149 844 1160 -
868 1104 1091 1192 ἐπιφέροντες
1112 1113 1144 1174 et
1162 1111 1190 1192 .).

279 1243 406 1306 Tertia
429 1244 527 1307 virtus
552 1263 570 1307 a
592 1243 743 1326 Dionysio
766 1243 895 1307 laudata
919 1236 1097 1329 σαφήνεια,
1124 1247 1258 1328 quarta
1282 1242 1475 1327 σὀντομία

190 1352 246 1415 est.
293 1350 380 1429 Quae
404 1371 476 1415 oum
500 1353 545 1415 sie
569 1351 785 1415 describantur
808 1353 864 1436 (aa.
888 1355 924 1426 43
948 1351 1020 1433 b),¹)
1045 1353 1081 1415 ut
1103 1353 1185 1415 hane
1201 1371 1273 1415 oum
1295 1353 1351 1416 illa
1365 1353 1476 1436 Lysias

189 1459 390 1536 coniunxerit,
424 1460 518 1523 simul
550 1458 907 1527 nobiseonsiderandae
932 1460 1003 1524 sint.
1051 1458 1250 1540 Quamquam
1279 1461 1362 1523 enim
1386 1463 1475 1524 tanta

190 1565 277 1628 etin
300 1567 402 1656 verbis
426 1568 457 1630 et
479 1567 512 1629 in
535 1567 628 1630 robus
652 1566 824 1629 tractandis
847 1566 1069 1649 perspiouitate
1094 1568 1196 1630 orator
1219 1567 1326 1644 ut'tur‚
1350 1569 1386 1630 ut
1402 1568 1476 1631 sim-

189 1672 379 1754 plicissimus
412 1674 543 1758 quisque
577 1674 744 1737 dictionem
775 1675 868 1756 plane
900 1674 1057 1755 intelligat
1084 1675 1179 1737 nullis
1209 1674 1355 1738 adhibitis
1379 1675 1476 1738 inter-

189 1781 403 1862 pretamentis
426 1783 528 1846 brevis
552 1783 658 1844 tamen
683 1782 731 1844 est
754 1781 840 1845 etin
865 1782 1036 1845 elocutione
1060 1783 1092 1844 et
1115 1781 1148 1842 in
1176 1781 1354 1845 narratione
1380 1784 1473 1866 atque

189 1889 314 1951 tantum
338 1890 433 1964 abest,
456 1891 493 1952 ut
516 1889 706 1971 superfluam
722 1891 858 1954 ostentet
880 1888 1109 1964 verbositatem,
1133 1890 1169 1950 ut
1190 1907 1281 1971 saepe
1297 1890 1474 1953 necessaria

189 1995 331 2058 videatur
355 1997 505 2061 omittere.
535 1997 637 2074 Quare
654 2017 716 2060 non
734 1998 934 2061 haereremus
952 1997 983 2058 in
1002 2016 1045 2072 eo,
1070 1995 1151 2076 quod
1175 1996 1207 2057 in
1231 2015 1314 2060 nona
1337 1997 1474 2060 oratione

126 2092 128 2096 ⁵
191 2098 337 2187 ζημιοῦν,
357 2092 518 2186 ὀφείλειν,
541 2097 688 2176 ἐκτίνειν,
708 2095 921 2187 πράξασθαι,
948 2093 1188 2187 παραδιδόναι,
1217 2103 1280 2166 alia
1300 2105 1398 2168 ,verba
1422 2105 1475 2168 ab·

191 2209 289 2272 solute
313 2212 464 2294 usurpata
495 2209 685 2292 habemus'2)
725 2211 835 2275 deinde
869 2230 940 2274 eum
973 2209 1155 2292 pronomina
1179 2228 1279 2292 saepe,
1312 2212 1380 2274 tum
1404 2231 1475 2274 eon-

190 2316 287 2379 traria
311 2318 484 2399 supplenda
508 2320 617 2400 sunt,³)
641 2318 702 2380 nisi
725 2318 819 2381 nimis
843 2319 963 2381 multae
987 2318 1059 2380 talis
1090 2316 1252 2379 brevitatis
1277 2319 1418 2401 exempla
1441 2319 1474 2381 in

190 2441 227 2485 ea
249 2424 396 2488 inessent.
443 2425 552 2506 Neque
584 2426 685 2507 magis
719 2444 892 2507 synonyma
925 2443 1018 2506 supra
1050 2425 1158 2485 notata
1193 2422 1392 2511 οοοντομίη
1422 2426 1474 2488 ab·

94 2604 96 2608 .
192 2530 356 2614 horrente)
404 2531 638 2596 Sententiamm
662 2535 768 2596 autem
791 2532 889 2595 nimia
912 2532 1003 2594 modo
1026 2531 1161 2594 brevitas
1185 2531 1278 2594 modo
1301 2531 1473 2594 verbositas

190 2637 391 2701 offensionem
424 2641 558 2722 praebet.
606 2641 652 2703 De
686 2641 798 2721 quibus
830 2640 866 2701 ut
898 2639 980 2702 reete
1004 2638 1187 2718 iudicemus,
1220 2638 1277 2701 hoo
1306 2637 1384 2701 mihi
1407 2638 1473 2702 loeo

188 2762 288 2826 pauoa
311 2744 349 2808 de
372 2745 496 2809 diversa
518 2747 630 2830 Lysiae
663 2767 712 2811 res
745 2750 778 2810 in
803 2746 934 2828 singulis
959 2745 1106 2809 orationis
1129 2745 1271 2826 partibus
1300 2746 1472 2828 explicandi

189 2851 308 2915 ratione
333 2853 499 2916 inserenda
531 2855 676 2918 videntur
709 2874 785 2918 esse.
831 2855 966 2937 Exponit
998 2853 1082 2917 enim
1104 2853 1246 2935 pluribus
1269 2853 1397 2936 Dionys.
1422 2853 1473 2938 (de

188 2958 259 3040 hys,
285 2979 308 3023 e.
336 2963 376 3022 17
400 2960 509 3044 sqq.)⁵)
532 2963 669 3044 primum
693 2956 791 3021 κατὰ
813 2954 883 3033 τὰς
910 2953 1100 3039 εἰσβολὰς
1123 2958 1189 3018 τῶν
1210 2950 1319 3038 λόγων
1340 2950 1474 3026 πάντων

190 3057 389 3139 δεξιώτατον
411 3056 496 3129 εἶναι
514 3061 573 3128 τόν
604 3060 729 3154 ῥήτορα
757 3066 814 3130 καὶ
849 3060 1077 3149 χαριέστατον,
1113 3064 1224 3128 deinde
1249 3060 1287 3126 ἐν
1312 3065 1364 3147 τῷ
1384 3063 1473 3150 διη-

188 3173 357 3251 γεῖσθαι
390 3168 437 3235 τό
471 3167 690 3259 πράγματα
734 3168 911 3258 κράτιστον
936 3166 1071 3233 πόντιον
1095 3164 1255 3258 ρητόρων,
1293 3166 1332 3233 ἐν
1358 3167 1473 3253 δέτηῖ

188 3271 442 3339 πιστοῦσθαι
463 3271 508 3338 τὰ
531 3270 745 3362 πράγματα
770 3279 802 3362 (i.
832 3297 856 3341 e.
885 3279 919 3340 in
944 3274 1226 3358 argumentatione)
1255 3294 1343 3358 porro
1374 3276 1405 3338 et
1434 3273 1473 3340 ἐν

188 3383 273 3455 τοῖς
294 3375 508 3464 ἐπιλόγοις
544 3405 606 3449 non
640 3385 808 3449 admodum
839 3385 1017 3449 notabilem.
1073 3384 1175 3462 Quare
1207 3383 1362 3466 imprimis
1395 3402 1472 3445 num

189 3488 381 3567 prooemium
414 3490 464 3572 (§§
500 3490 598 3574 1-3)
632 3495 663 3556 et
694 3493 831 3557 narratio
865 3493 916 3576 (ἐξ
949 3491 1049 3572 4-7)
1083 3492 1149 3554 eius
1183 3491 1220 3553 de
1254 3509 1316 3572 qua
1348 3491 1471 3570 agimus

82 3668 86 3672 ,
190 3594 338 3658 orationis
362 3616 433 3660 aum
457 3598 519 3661 illis
543 3599 654 3680 Lysiae
679 3600 846 3663 virtutibus
870 3600 1043 3680 eongmant
1065 3598 1153 3662 nobis
1178 3598 1391 3677 quaerendum
1415 3599 1470 3661 est.

188 3702 291 3784 Atque
314 3704 452 3785 primum
476 3705 601 3786 quidem
626 3706 815 3770 exordium
838 3705 930 3768 laude
954 3705 1084 3786 dignum
1106 3725 1169 3769 non
1194 3706 1249 3769 est.
1294 3704 1362 3767 Etsi
1387 3703 1471 3767 enim

190 3809 238 3873 st.
262 3811 294 3885 tl.
305 3853 327 3891 1,
350 3831 379 3892 p.
397 3813 462 3877 500
479 3810 569 3895 sq.)⁶)
593 3812 687 3875 nimis
705 3815 817 3876 aeriter
839 3813 1005 3896 vituperat,
1021 3812 1102 3892 quod
1118 3813 1176 3875 hoe
1195 3813 1356 3875 enuntiato
1373 3812 1404 3892 (ξ
1424 3810 1470 3892 1);

188 3908 221 3974 τί
241 3936 326 3977 ποτε
339 3913 577 4001 διανοηθέντες
592 3948 625 3957 -
645 3913 863 4003 ἐπεχείρησαν
878 3910 1091 3997 διαβόλλειν;
1112 3909 1257 4001 πότερον
1278 3907 1472 3996 ἀγνοοῦντες

188 4007 241 4077 ὅτι
260 4015 339 4103 περὶ
359 4019 420 4082 τοῦ
443 4013 641 4104 πράγματος
669 4013 834 4106 προσήκει
871 4016 992 4102 λέγειν;
1026 4011 1047 4106 ἢ
1079 4013 1157 4082 τόδε
1179 4016 1240 4100 μὲν
1263 4013 1470 4091 ἐπίστανται,

281 4273 298 4336 ¹)
317 4270 350 4325 of.
369 4273 445 4327 Dion.
465 4274 531 4328 rhet.
555 4280 595 4341 18,
615 4275 646 4328 de
664 4276 738 4329 Dein.
760 4278 806 4341 13';
826 4275 893 4328 Plat.
913 4275 1024 4327 Phaedr.
1044 4293 1069 4343 p.
1086 4278 1138 4326 234
1157 4273 1201 4340 E.;
1222 4272 1312 4338 Quint.
1332 4277 1357 4339 8,
1377 4276 1402 4339 2,
1422 4276 1469 4336 22;

190 4361 230 4424 12,
252 4363 293 4425 10,
313 4364 358 4426 21;
378 4360 501 4431 Hermog.
521 4364 552 4418 de
570 4364 645 4418 form.
664 4364 712 4431 III,
731 4382 757 4433 p.
777 4368 838 4432 202,
858 4369 910 4419 380
929 4364 1008 4433 (Sp.);
1026 4363 1117 4426 Phot.;
1137 4362 1209 4416 alios.

277 4450 458 4520 θήρῃ

277 4540 299 4603 ³)
317 4539 350 4594 ef.
369 4559 395 4610 p.
415 4547 447 4596 31
469 4559 525 4612 sqq.

276 4628 456 4699 ddpffi

277 4716 298 4784 ⁵)
317 4717 349 4772 of.
370 4719 401 4772 de
419 4722 494 4774 Dem.
516 4726 560 4788 13;
580 4723 611 4775 de
631 4723 794 4791 singularum
812 4721 928 4791 partium
947 4719 1033 4772 indole
1052 4719 1192 4787 diligenter
1210 4720 1277 4787 ogit:
1297 4717 1469 4771 Ottsonins

186 4804 230 4871 (de
249 4823 335 4860 rerum
353 4808 502 4864 inventione
521 4828 551 4863 ac
569 4812 747 4880 dispositione,
772 4827 839 4881 quae
864 4812 905 4862 est
930 4810 957 4862 in
976 4809 1069 4876 Lysiae
1089 4811 1167 4877 atque
1185 4806 1359 4877 Antiphontis
1378 4805 1471 4859 oratio

187 4893 273 4961 nibus,
292 4914 316 4965 p.
336 4901 353 4951 8
373 4901 448 4968 sqq).

276 4989 297 5052 ⁰)
316 4986 349 5041 cf.
369 4987 399 5041 B.
419 4987 446 5057 (l.
465 4989 483 5042 l.
502 5006 527 5058 p.
547 4991 618 5054 600).
