3330 5542
760 282 971 345 ..10-

225 480 281 551 est,
314 469 516 566 κακηγορίας
549 479 628 542 actio
660 478 846 555 intenditur,
885 497 937 542 eas
969 469 1172 562 κακηγορίας
1203 478 1327 542 nomine
1363 479 1507 562 appellat,

224 587 353 651 leviores
371 590 476 651 autem
499 587 728 669 obiurgationes
751 587 875 669 propria
898 588 930 649 et
951 586 1060 649 latiore
1084 577 1259 668 λοιδορίας
1274 585 1508 666 significatione,

224 693 269 756 ita
293 713 375 770 sane,
408 698 444 759 ut
476 695 576 759 omnis
599 687 783 778 κακηγορία
808 694 846 757 ad
870 685 1045 777 λοιδορίας
1075 692 1182 756 referri
1211 693 1309 774 possit
1331 694 1363 756 et
1385 691 1508 755 Plutar-

225 801 337 864 cheum
358 803 461 866 locum
486 802 524 866 ad
548 804 649 865 totum
672 797 854 882 λοιδοριῶν
876 821 974 884 genus
998 800 1161 865 extendere
1193 800 1294 864 liceat.
1321 837 1361 846 —
1387 799 1506 877 Quibus

226 909 379 990 expositis,
404 910 479 993 quid
502 911 661 974 lucramur
685 909 724 972 ad
749 909 837 972 illam
859 910 948 974 Dem.
971 911 1073 990 legem
1090 907 1127 970 de
1144 908 1289 971 conviciis
1307 909 1507 989 magistratui

225 1016 317 1080 alicui
340 1017 437 1081 illatis
462 1019 494 1081 et
511 1019 652 1082 nostram
675 1035 805 1081 oausam
827 1019 910 1081 recte
934 1015 1153 1098 explicandas?
1186 1015 1328 1079 Eandem
1350 1016 1506 1079 multandi

221 1124 374 1188 rationem
394 1126 489 1189 etiam
505 1125 537 1188 in
554 1125 819 1207 obiurgationibus
835 1124 1079 1205 magistratuum
1102 1126 1288 1204 usurpatam
1314 1142 1381 1187 esse
1406 1124 1507 1206 suspi-

222 1250 335 1296 cemur.
383 1232 441 1296 Cui
466 1234 638 1297 sentcntiae
662 1252 739 1295 num
763 1233 837 1313 quid
861 1232 963 1295 obstet
985 1231 1048 1293 iarn
1073 1229 1294 1295 examinemus.
1344 1231 1433 1295 Dem.
1457 1231 1506 1294 lex

221 1339 310 1402 docet
333 1359 392 1416 eoS,
417 1341 471 1421 qui
493 1340 711 1404 maledixerint
733 1338 939 1420 magistratui,
969 1326 1086 1420 ἀτιμίᾳ
1110 1338 1247 1403 multari.
1294 1337 1381 1416 Quae
1405 1358 1505 1421 poena

137 1512 139 1516 ,
222 1448 311 1510 tanta
343 1449 403 1524 ost,
436 1449 472 1512 ut
505 1448 600 1512 etiam
632 1446 812 1524 maledicta,
847 1466 926 1529 quae
960 1465 996 1509 ea
1029 1446 1282 1527 compensentur,
1314 1465 1376 1509 non
1409 1465 1505 1527 parva

220 1555 342 1638 possint
365 1575 441 1632 esse,
466 1555 524 1618 etsi
547 1556 606 1619 hac
630 1555 667 1618 de
691 1573 793 1631 causa,
818 1554 899 1635 quod
924 1553 1032 1616 eodem
1054 1552 1120 1616 loco
1143 1552 1176 1614 in
1202 1571 1262 1630 eos,
1291 1553 1343 1633 qui
1367 1553 1503 1636 privatos

220 1663 442 1738 lacessiverint,
474 1655 677 1745 κακηγορίας
710 1659 891 1742 actioneml)
915 1659 1034 1723 intendi
1058 1661 1161 1722 orator
1187 1662 1303 1736 narrat,
1335 1681 1398 1724 non
1422 1662 1504 1724 certo

221 1769 325 1845 ctiam,
350 1770 431 1850 quod
455 1770 567 1833 attinet
591 1769 629 1832 ad
654 1769 868 1851 magistratus,
891 1768 928 1832 de
953 1767 1055 1831 verbis
1078 1755 1287 1852 ἀπορρήτοις
1310 1768 1359 1849 agi
1383 1768 1505 1832 oonolu-

221 1877 292 1941 dere
315 1897 490 1959 possumus.
535 1877 653 1940 Verum
677 1895 799 1941 onena
832 1876 932 1958 [Lys]
957 1874 1093 1938 oratione
1126 1874 1275 1938 discimus
1303 1876 1505 1958 Polyaenum,

222 1985 275 2068 qui
300 1987 445 2067 strategis
469 1986 677 2062 maledixerat,
709 2003 772 2048 non
796 1972 922 2066 ἀτιμίη,
956 1981 1009 2045 sed
1034 1971 1183 2067 ἐπιβολῇ
1206 1985 1331 2046 λακτίσαι
1358 1984 1504 2065 punitum

221 2111 296 2157 esso.
343 2092 446 2184 Qriare
479 2113 551 2157 cum
582 2094 632 2157 vix
665 2091 810 2156 credibile
843 2091 884 2154 sit
917 2092 1042 2155 arbitrio
1081 2091 1325 2173 magistratuum
1360 2091 1504 2154 relictum

220 2199 330 2277 fuisse,
363 2203 469 2265 utrum
501 2202 534 2263 in
567 2201 668 2264 multa
699 2198 865 2279 irroganda
898 2199 1092 2279 acquiescere
1131 2217 1172 2262 an
1204 2197 1334 2262 infamia
1367 2199 1504 2280 aliquem

222 2307 343 2371 afficere
367 2309 490 2386 vellent,
515 2310 563 2373 oui
586 2328 649 2371 non
674 2306 782 2370 statim
804 2306 863 2369 hoo
878 2306 1045 2370 discrimen
1069 2307 1114 2370 ita
1135 2306 1286 2388 explicare
1310 2306 1342 2368 in
1365 2308 1504 2370 mentem

219 2417 314 2490 venit,
337 2417 373 2478 ut
396 2416 472 2479 item
497 2417 589 2496 atquo
614 2415 736 2479 diversa
758 2413 878 2476 ratione
902 2406 1106 2496 κακηγορίας
1130 2415 1161 2476 et
1184 2405 1361 2492 λοιδορίας
1383 2414 1503 2495 privato

219 2522 337 2585 homini
370 2524 474 2587 illatas
508 2524 624 2588 scimus
658 2541 725 2585 esse
759 2520 893 2604 punitas,
927 2521 1021 2584 etiam
1044 2522 1126 2584 inter
1153 2520 1382 2600 obiurgationes
1406 2523 1504 2602 magi-

221 2630 370 2693 stratibus
408 2631 507 2695 factas
547 2631 678 2695 eandem
717 2628 948 2692 distinctionem
987 2628 1191 2692 constitutam
1229 2645 1296 2690 esse
1335 2629 1503 2709 putemus?

201 2738 347 2800 ¹Accedit
370 2738 452 2819 quod
477 2757 531 2802 eae
555 2737 768 2812 contumeliae,
794 2754 872 2818 quas
896 2735 928 2796 in
953 2737 1105 2816 strategos
1124 2734 1188 2798 Pol.
1212 2735 1327 2811 intulit,
1351 2755 1413 2798 non
1437 2737 1503 2799 tam

218 2845 442 2925 ignominiosae
470 2846 566 2909 fuisso
595 2844 748 2920 videntur,
788 2849 884 2926 quam'
910 2843 998 2918 tales,
1032 2842 1144 2923 quibus
1172 2842 1373 2905 insolentiam
1397 2862 1503 2906 eorum

219 2951 405 3017 immodeste
439 2955 470 3016 et
492 2953 670 3036 petulanter
702 2952 827 3014 tantum
855 2951 1086 3032 vituperaverit.
1133 2950 1218 3028 Quas
1248 2951 1330 3032 quod
1358 2948 1506 3038 ἐπιβολῇ

218 3060 420 3143 imperatores
436 3061 669 3135 vindicaverint,
693 3059 784 3142 plane
802 3077 970 3138 congruere
986 3058 1109 3122 videtur
1123 3096 1163 3103 -—
1177 3077 1369 3139 quamquam
1386 3060 1503 3122 certam

218 3167 255 3231 de
273 3165 463 3252 λοιδορίαις
478 3167 716 3248 magistratibus
732 3186 797 3228 non
813 3165 977 3229 iniciendis
993 3167 1095 3247 legem
1112 3166 1261 3229 traditam
1277 3185 1338 3228 non
1350 3166 1503 3229 habemus

220 3311 257 3320 -
273 3276 304 3338 et
320 3295 392 3338 oum
408 3294 515 3339 eorum
531 3274 643 3337 talium
658 3274 831 3336 multarum
846 3273 1106 3356 imponendarnm
1123 3274 1278 3357 potestate
1295 3274 1413 3336 etcum
1430 3271 1504 3338 ἑπι-

218 3383 322 3470 Ιδολῆς
343 3383 467 3464 propria
489 3381 600 3445 indole.
653 3380 817 3460 Ceteroqui
841 3382 924 3461 puto,
958 3381 1016 3444 etsi
1041 3378 1212 3462 λοιδορίαι
1240 3379 1360 3463 privato
1383 3379 1503 3443 homini

219 3489 324 3552 illatae
348 3488 409 3552 nisi
434 3489 471 3552 ad
497 3508 566 3552 eam
581 3488 858 3569 intemperantiam
875 3487 944 3566 quis
960 3490 1162 3570 processerat,
1186 3489 1221 3550 ut
1237 3487 1368 3551 violaret
1384 3488 1427 3551 eis
1444 3487 1503 3551 loci

220 3596 383 3660 cuiusdam
407 3596 615 3672 sanctitatem,
638 3614 700 3658 non
724 3594 941 3657 multabantur
965 3595 1090 3676 exlege
1116 3595 1240 3660 Solonia
1265 3596 1358 3675 atque
1387 3613 1423 3657 er
1446 3595 1504 3670 his,

221 3722 300 3784 quae
334 3703 520 3766 Plutarcheo
552 3703 618 3766 loco
648 3702 830 3782 sequuntur,
863 3700 979 3764 verbis:
1012 3694 1050 3761 τδ
1087 3696 1149 3784 γὰρ
1182 3698 1341 3784 μηδαμοῦ
1373 3702 1506 3781 κρατεῖν

222 3805 323 3892 οργῆς
341 3799 547 3871 ἀπαίδευτον
568 3805 624 3871 καί
645 3797 832 3868 ἀκόλαστον
851 3800 889 3867 τὸ
914 3803 951 3869 δὲ
973 3807 1145 3884 πανταχοῦ
1161 3797 1320 3884 χαλεπόν,
1345 3799 1447 3879 ἐνίοις
1468 3801 1505 3868 δὲ

218 3901 394 3974 ἀδύνατον.
418 3910 470 3974 δεῖ
491 3909 527 3974 δὲ
544 3905 632 3996 πρὸς
648 3904 686 3972 τὸ
708 3903 847 3971 δυνατὸν
868 3901 1064 3994 γράφεσθαι
1085 3904 1144 3970 τάν
1165 3901 1274 3988 νόμον,
1300 3901 1329 3970 εἰ
1344 3899 1504 3991 βούλεται

216 4012 399 4104 χρησίμους
427 4007 569 4099 ὀλίγους,
598 4007 685 4079 ἀλλά
712 4010 757 4099 μη
781 4010 929 4089 πολλοὺς
950 4005 1120 4101 ἀχρήστοις
1142 4007 1324 4097 κολάζσινῖ)
1357 4033 1505 4098 apparere

220 4122 343 4185 videtur
376 4122 604 4202 obiurgationes
639 4121 704 4184 sine
737 4120 909 4200 ignominia
942 4120 1034 4183 alicui
1064 4121 1136 4184 alibi
1160 4120 1259 4184 factas
1288 4124 1413 4187 omnino
1437 4121 1504 4184 sine

220 4248 319 4311 poena
342 4229 448 4304 fuisse,
473 4224 648 4313 λοιδορίας
669 4228 702 4289 in
726 4227 931 4308 magistratus
955 4227 1063 4304 dictas,
1087 4228 1289 4291 etiamsinon
1314 4230 1405 4293 certis
1429 4229 1504 4292 locis

219 4335 268 4398 vel
292 4335 387 4398 sacris
410 4335 460 4398 vel
483 4334 614 4417 publicis
630 4334 769 4416 prolatae
786 4335 898 4409 essent,
922 4333 1026 4416 puniri
1041 4334 1188 4415 potuisse,
1210 4355 1273 4398 non
1297 4327 1424 4423 ἀτιμίη,
1450 4336 1505 4399 sed

219 4442 321 4505 multa
345 4442 488 4522 quadam.
521 4441 604 4505 Nam
627 4444 663 4505 ut
687 4441 811 4506 Solonia
833 4440 888 4503 illa
910 4440 978 4522 lege
1000 4441 1060 4504 loci
1076 4443 1226 4506 sanctitas
1242 4463 1281 4507 ne
1300 4444 1506 4508 lacesseretur

220 4551 423 4631 praecantum
447 4551 521 4643 erat,
545 4549 589 4613 ita
613 4551 695 4613 corte
720 4548 815 4612 etiam
837 4548 1080 4629 magistratuum
1104 4550 1253 4614 sanctitas
1278 4550 1504 4632 quodammodo

311 4798 330 4862 Ι)
349 4797 518 4866 probabiliter
536 4798 620 4865 igitur
641 4800 747 4867 propter
764 4797 842 4850 verba
861 4778 1048 4875 ἀπόῤῥητα,

308 4892 330 4955 2)
348 4889 436 4943 eodem
456 4895 573 4960 spectaro
591 4894 660 4944 recto
679 4891 744 4943 mihi
754 4890 817 4945 Hor.
837 4892 922 4946 dicero
939 4891 1043 4944 videtur
1061 4889 1173 4946 Aristot.
1191 4890 1278 4945 Ethio.
1297 4891 1356 4946 Nic.
1375 4892 1421 4958 lV,
1438 4897 1464 4959 8,
1475 4897 1504 4946 9:

220 4972 252 5040 οί
276 4977 312 5043 δὲ
337 4976 522 5069 νομοθέται
544 4973 633 5043 ἔνια
656 4979 825 5067 λοιδορεῖν
846 4973 1042 5056 κωλύουσιν,
1066 5007 1127 5059 ergo
1146 5006 1197 5043 non
1217 4989 1311 5044 omnia.
