3330 5542
743 315 953 377 -26-

211 523 279 568 esse
303 507 430 583 monuit,
454 527 492 571 ne
516 510 549 571 in
572 509 631 574 hac
655 509 781 592 quidem
804 529 836 574 re
862 510 943 592 quod
959 509 1144 572 haereamus
1163 510 1218 572 est.
1252 508 1335 573 Nam
1357 509 1497 572 multam

211 613 269 676 sibi
293 615 324 677 et
346 615 460 678 iniuria
483 615 662 699 impositam
685 619 717 680 et
741 618 933 681 aMinervae
959 617 1177 699 quaestoribus
1193 616 1399 680 condonatam
1423 635 1495 680 esse

209 720 439 799 (lssmffllslfflssb
481 724 576 786 eiiam
617 712 819 810 ἀπογραφήν
851 727 976 808 propter
1012 724 1100 787 illam
1138 724 1196 787 sibi
1234 723 1402 804 irrogatam
1444 725 1496 786 in·

209 828 326 891 iustam
350 848 417 893 esse
440 831 485 892 ita
508 831 566 895 sibi
589 831 752 895 videbatur
775 832 891 907 docere,
915 835 952 895 ut
975 832 1012 894 de
1035 832 1095 894 hac
1118 830 1196 893 nihil
1221 831 1398 894 addendum
1423 850 1494 894 esse

184 936 407 1014 *existimaret
432 938 486 1001 sed
509 939 611 1020 potius
636 943 775 1022 speraret
797 960 839 1016 se,
873 941 899 1004 si
922 939 1150 1013 illustravissent,
1184 941 1303 1020 quanta
1325 938 1494 1019 iniquitate

209 1043 295 1125 prius
312 1063 344 1107 se
360 1046 549 1109 tractassent
563 1048 728 1129 praetores,
753 1039 785 1107 di
808 1038 934 1130 ἔχθραν
956 1066 988 1110 se
1012 1047 1201 1110 insectantes
1226 1046 1326 1129 (cf.§§
1343 1047 1382 1108 13
1400 1042 1495 1128 sqq),

209 1171 293 1214 nunc
316 1171 438 1233 (pioque
461 1153 567 1234 inique
591 1154 672 1217 bona
696 1173 753 1217 sua
776 1154 963 1237 publicanda
986 1154 1150 1235 designata
1182 1172 1249 1216 esse
1273 1153 1420 1216 facillime
1443 1152 1494 1214 iu-

211 1258 329 1322 dicibus
347 1278 414 1322 esse
430 1278 662 1341 persuasurum.
692 1261 878 1342 Ceteroquin
903 1280 938 1324 ex
962 1281 1006 1337 eo,
1031 1261 1113 1343 quod
1137 1261 1174 1324 de
1199 1255 1345 1343 ἐπιβολῇ
1366 1262 1494 1342 propter

209 1360 382 1446 λοιδορίας
390 1366 546 1450 Polyaeno
555 1369 670 1433 iniecta
682 1369 822 1452 pluribus
838 1369 897 1455 hac
913 1369 943 1431 in
961 1369 1099 1432 oratione
1116 1368 1229 1448 agitur,
1246 1366 1388 1449 quamde
1403 1359 1494 1431 ἀπο-

209 1474 324 1560 γραφῇ
339 1474 415 1555 ipsa,
433 1476 649 1558 explicandum
666 1495 733 1539 esse
750 1476 848 1552 credo,
864 1476 897 1538 in
915 1470 1022 1540 earum
1039 1475 1149 1558 Lysiae
1166 1475 1214 1537 vel
1230 1475 1366 1556 Ps-Lys.
1379 1474 1494 1538 oratio-

208 1597 285 1640 num
295 1599 424 1645 numero
440 1584 521 1646 hano
531 1584 632 1647 locum
643 1583 788 1660 obtinere,
805 1603 884 1664 quae
900 1584 937 1647 de
948 1583 1158 1669 κακηγοριιῦν
1167 1583 1269 1646 causis
1280 1582 1405 1645 habitae
1417 1583 1494 1644 sunt

207 1685 316 1769 (Vlla,
340 1687 390 1764 X.‚
414 1688 528 1772 Xl.).¹)·
544 1729 583 1736 —
608 1691 655 1754 De
679 1691 743 1754 foro
760 1711 859 1774 porro,
883 1692 964 1773 apud
982 1692 1064 1772 quod
1081 1692 1160 1754 tales
1177 1708 1289 1754 causae
1307 1691 1357 1769 agi
1381 1688 1492 1752 solitae

208 1793 279 1870 sint,
312 1796 771 1882 scim11sintraidtemp11s‚2t
806 1817 866 1881 quo
900 1791 931 1859 oi
956 1790 1108 1860 σύνδικοι
1137 1798 1269 1862 Athenis
1303 1795 1492 1876 magistratu

207 1900 306 1964 functi
330 1905 412 1979 sunt,
445 1923 497 1968 eas
530 1906 570 1969 ad
592 1907 703 1971 horum
732 1905 977 1969 iurisdictionem
1000 1904 1225 1989 pertinuisse.³)
1271 1904 1351 1968 Cum
1383 1905 1492 1966 autem

207 2027 322 2071 nonam
348 2010 448 2093 [llys]
481 2013 659 2090 orationem,
692 2015 728 2075 ut
755 2013 838 2075 inira
860 2013 1042 2089 videbimus,
1076 2031 1156 2076 anno
1189 2012 1288 2075 multo
1321 2009 1491 2093 posteriore

208 2114 347 2179 habitam
372 2137 439 2182 esse
462 2120 628 2184 verisimile
653 2121 702 2197 sit,
726 2121 764 2183 de
789 2119 925 2201 syndiois
945 2120 1072 2200 cogitari
1096 2139 1158 2184 non
1181 2119 1291 2202 potest.
1337 2117 1391 2180 Nil
1414 2117 1491 2180 certi

208 2220 317 2287 deiude
349 2224 506 2288 lucramur
538 2247 574 2290 ex
607 2228 659 2303 eis,
693 2246 772 2308 quae
805 2226 921 2289 tradita
953 2228 1027 2289 sunt
1059 2227 1092 2288 in
1124 2227 1195 2290 Lex.
1224 2225 1313 2289 Cant.
1345 2244 1374 2306 p.
1404 2225 1490 2287 672:

209 2315 344 2404 ἀμεινον
377 2319 436 2393 οὖν
463 2323 704 2419 Ἀριστοτέλης·
736 2334 805 2419 (frg.
836 2334 900 2396 389
929 2330 979 2415 R.)
1012 2327 1082 2406 τὰς
1112 2327 1175 2415 γὰρ
1206 2322 1326 2417 ἀρχὰς
1354 2327 1388 2392 ἐν
1416 2333 1492 2403 ταῖς

206 2429 338 2511 καρίαις
358 2432 549 2524 ἐκκλησίαις
573 2435 676 2523 φησίν
695 2481 740 2488 -
759 2434 819 2513 τὰς
840 2430 1046 2521 ἀπογραφὰς
1066 2441 1133 2500 τῶν
1155 2433 1388 2524 ὁρμισαμένων
1408 2427 1491 2499 ἀνα-

209 2530 410 2617 γιγνώσκειν,
436 2545 491 2606 aut
514 2563 550 2606 ex
574 2545 626 2619 eis,
651 2564 730 2625 quae
755 2564 802 2628 ap.
826 2543 902 2608 Poll.
926 2543 1022 2624 VIH.,
1046 2546 1087 2607 95
1112 2543 1259 2624 legimus:
1285 2533 1304 2626 ἡ
1326 2534 1425 2623 κυρία
1445 2579 1491 2586 -

206 2638 241 2704 ἐν
258 2630 282 2729 ἦ
298 2643 353 2710 καί
375 2643 435 2722 τὰς
451 2640 656 2735 ἀπογραφὰς
675 2652 741 2713 τῶν
757 2645 991 2736 δηγιεαομὲνιον
1011 2640 1312 2730 ἀναγιγνώσκουσιν
1332 2641 1368 2708 οὶ
1389 2641 1491 2730 πρὸς

206 2751 293 2821 ταῖς
315 2746 458 2826 δίκαις·
501 2755 613 2818 lineis
638 2757 752 2831 antem,
777 2774 856 2838 quae
880 2755 911 2816 in
935 2755 969 2818 E.
987 2754 1026 2817 Μ.
1051 2774 1079 2836 p.
1104 2756 1177 2829 338,
1202 2755 1244 2815 35
1268 2751 1305 2815 de
1330 2751 1490 2814 undecim-

206 2855 281 2919 viris
305 2859 465 2939 leguntur:
496 2854 626 2946 εἰσῆγον
650 2858 687 2924 δὲ
712 2858 769 2923 καὶ
798 2855 839 2920 τὰ
864 2849 1132 2942 ἀπογραφόμενοι
1159 2853 1277 2941 χωρία,
1303 2850 1412 2930 οἰκίας
1433 2853 1490 2920 καὶ

204 2956 245 3023 τὰ
280 2958 427 3048 δημόσια
456 2957 543 3030 εἶναι
574 2960 714 3042 δόξαντα
746 2961 953 3048 παρεδίδουν
984 2968 1053 3038 τοῖς
1084 2963 1265 3049 πωληταῖς,
1296 2984 1489 3046 (luat-mquam

205 3091 267 3134 uno
290 3073 348 3137 hoc
371 3076 550 3140 testimonio
574 3078 701 3159 excepto
719 3076 880 3159 praeterea
902 3074 965 3135 tale
983 3073 1056 3153 quid
1080 3093 1143 3135 non
1160 3073 1312 3135 traditum
1328 3072 1489 3148 habemus

206 3181 344 3242 concludi
379 3202 469 3265 posse
504 3184 635 3247 arbitror
666 3185 807 3246 nostram
841 3200 970 3244 causam
1004 3183 1072 3250 τοῖς
1095 3174 1212 3241 ἕνδεκα
1240 3178 1489 3261 praesidentibus

206 3287 288 3368 apud
312 3289 461 3352 heliastas
485 3292 588 3353 actam
611 3288 721 3370 esseest)

295 3394 414 3472 Quibus
448 3397 593 3479 expositis
628 3396 775 3479 quoniam
803 3395 946 3471 vidimus,
981 3394 1133 3475 quomodo
1166 3394 1341 3475 Polyaenus
1374 3393 1490 3456 iniuria

206 3502 320 3564 iterum
345 3503 475 3567 militiae
500 3504 675 3587 adscriptus
698 3502 945 3583 indignationem
978 3503 1080 3566 verbis
1102 3500 1195 3584 paulo
1218 3501 1413 3564 liberioribus
1437 3501 1490 3564 de-

207 3609 385 3690 claraverit,
419 3610 530 3673 deinde
563 3606 710 3695 ἐπιβολῇ
741 3611 779 3674 ab
811 3610 1049 3692 imperatoribus
1083 3609 1244 3684 multatus
1279 3626 1297 3670 a
1328 3608 1488 3671 Minervae

208 3717 312 3778 autem
330 3718 545 3796 quaestoribus
563 3739 599 3782 ea
613 3719 773 3800 liberatus,
799 3719 954 3800 postremo
980 3736 1079 3799 poena
1095 3735 1157 3779 non
1177 3716 1279 3778 soluta
1302 3702 1490 3797 ἀπογραφῇ

207 3821 238 3883 in
263 3822 311 3885 ius
336 3826 462 3888 vocatus
487 3825 535 3900 sit,
559 3827 658 3889 totam
682 3825 778 3905 igitur
799 3844 926 3889 carosam
951 3826 989 3888 ab
1013 3822 1100 3886 initio
1116 3841 1215 3901 usque
1240 3821 1396 3884 adfinem
1420 3842 1489 3904 per-

155 3986 161 3993 .
206 3929 419 4006 lustravimus,
452 3933 515 3994 tres
540 3932 642 3996 adhuc
664 3933 785 3995 restant
807 3931 866 3995 loci
898 3933 957 3995 hae
985 3931 1017 3992 in
1041 3931 1129 4013 parte
1162 3928 1400 4011 interpretandi3
1435 3929 1487 4011 qui

154 4102 156 4106 ,
207 4038 311 4098 utrum
337 4037 375 4099 ad
399 4040 537 4100 nostram
564 4057 602 4101 an
628 4039 667 4101 ad
692 4038 794 4113 aliam,
819 4058 897 4119 quae
915 4058 984 4101 eam
1009 4035 1219 4109 antecesserit,
1244 4054 1371 4098 causam
1394 4036 1488 4117 perti-

205 4147 309 4219 neant,
334 4144 462 4207 minime
488 4164 635 4227 apparere
660 4145 703 4208 St.
728 4147 834 4208 monet
857 4147 892 4229 (a
917 4166 944 4226 p.
969 4143 1034 4209 91l.
1082 4143 1162 4206 Sunt
1192 4144 1275 4204 enim
1308 4143 1326 4222 ξ
1353 4145 1402 4217 15,
1434 4142 1487 4205 ubi

205 4251 352 4332 leguntur
373 4252 463 4315 haec:
489 4241 669 4330 ὀμόσαντες
680 4247 741 4330 μὲν
753 4239 812 4312 oda
827 4245 905 4325 τοὺς
926 4240 1168 4335 ἀστρατεύτους
1186 4243 1381 4321 καταλέξειν
1399 4268 1488 4328 παρ-

300 4396 304 4427 ¹
336 4392 367 4446 cf.
388 4392 425 4447 St.
494 4410 509 4446 1.
532 4396 589 4446 100.

295 4394 316 4543 d
335 4481 429 4534 Statim
445 4411 496 4535 did
514 4484 585 4534 certo
603 4480 674 4534 brevi
694 4480 818 4549 conparis
843 4480 979 4533 intervallo
1005 4481 1065 4548 post
1090 4478 1203 4531 reditum
1228 4495 1258 4530 ex
1277 4477 1367 4530 Piraeo
1386 4476 1487 4544 syndici

206 4579 323 4632 instituti
342 4583 412 4633 sulit.
450 4579 482 4634 ci.
503 4580 598 4651 llurp.
618 4597 638 4634 s.
658 4597 681 4633 v.
702 4563 863 4634 caladiam.
903 4578 981 4631 itud.
1002 4577 1151 4643 Selrooll„
1170 4576 1262 4646 quiin
1282 4577 1435 4641 „comment
1455 4574 1487 4627 de

208 4675 333 4742 quaesist.
355 4673 486 4726 lismlibus
506 4673 569 4726 iuris
589 4678 636 4728 att.
662 4690 692 4725 rix
717 4673 776 4741 lys.
796 4689 845 4725 err.
865 4673 978 4725 illustr.“
1004 4689 1029 4741 p.
1049 4676 1065 4724 b
1085 4688 1140 4740 sqq.
1160 4671 1191 4723 do
1214 4668 1329 4738 syndicis
1348 4668 1489 4735 diligenter

206 4762 268 4829 egit,
288 4779 375 4815 rutrum
395 4762 530 4829 collegium
551 4780 595 4832 per
615 4762 708 4829 viginti
729 4762 786 4831 pins
805 4763 922 4814 nriuusvo
941 4777 1023 4814 annos
1042 4758 1126 4813 oflloio
1144 4759 1264 4812 functum
1283 4775 1339 4810 esse
1357 4760 1443 4827 putat.

297 4855 317 4916 1)
336 4851 368 4905 ef.
391 4852 447 4920 lya.
472 4856 510 4917 la,
530 4856 576 4914 ‘lib
601 4854 639 4917 lll,
659 4856 705 4917 3·.’;
731 4854 768 4917 li,
792 4856 834 4916 lll;
855 4850 887 4902 ls.
908 4850 920 4901 s
927 4867 957 4916 g.
982 4854 1024 4915 10;
1043 4853 1176 4919 practerea
1195 4847 1227 4900 ef.
1247 4848 1278 4900 A.
1298 4847 1340 4900 Pr.
1358 4849 1370 4883 ²
1388 4864 1413 4916 p.
1427 4850 1485 4911 124,

207 4945 271 5006 310;
293 4939 378 4993 linui:
399 4957 446 5003 .‚au
468 4941 552 5009 tyla,
572 4957 656 5010 progr.
677 4958 700 5010 p.
721 4944 768 5006 ‘253
788 4940 821 4994 al.

295 5033 315 5102 11)
335 5029 367 5084 ef.
387 5029 417 5084 b.
438 5030 479 5084 Pr.
499 5033 510 5067 ²
529 5048 553 5101 p.
573 5036 616 5097 aa,
636 5047 661 5084 n.
684 5034 745 5095 1375
765 5046 789 5100 p.
810 5031 862 5083 310
882 5030 908 5079 ot
927 5026 1028 5082 Schoib.
1048 5027 1128 5097 praet
1148 5045 1172 5096 p.
1192 5024 1309 5079 LXXXI.
