3330 5542
739 273 1002 334 -5...

195 465 247 547 (ἓξ
274 461 417 546 13-18)
440 464 531 528 miles
555 485 587 529 se
611 467 783 531 relaturum
808 488 875 532 esse
898 468 1065 551 professus
1096 487 1158 551 qua
1186 469 1223 531 de
1252 468 1479 532 0000001101-

195 571 268 633 sarii
300 571 419 634 inimici
452 571 511 634 sibi
543 572 617 636 facti
641 577 754 656 essent,
786 595 886 658 pauca
919 577 956 640 de
990 590 1047 639 sua
1080 596 1151 639 curn
1176 575 1314 640 Sostrate
1343 575 1478 655 quodam

149 671 153 679 ’
194 677 407 742 familiaritate
430 680 546 756 narrat,
576 700 655 762 quae
680 683 762 746 certe
785 683 855 747 illos
879 684 1036 764 gravabat,
1070 683 1181 746 deinde
1204 683 1346 767 pluribus
1371 701 1477 745 eorum

195 785 394 849 insolentiam
414 788 445 849 et
460 787 687 869 impudentiam
704 792 845 871 castigat.
878 791 916 853 In
941 791 1088 872 epilogo
1112 791 1164 874 (ἐξ
1184 788 1477 872 19-22)0001000

193 892 366 973 periculum
399 913 492 957 suum
516 895 706 977 deprecatur,
742 915 833 960 orans
856 897 973 960 iudices
998 899 1092 979 atque
1121 898 1295 973 obsecrans,
1327 917 1367 960 ne
1390 915 1479 979 prae·
1543 911 1545 916 ·

194 1000 296 1061 101010
329 999 416 1063 falsis
450 1001 631 1066 criminibus
666 1023 755 1067 aures
788 1005 972 1087 praebeant,
1006 1004 1060 1067 sed
1094 1006 1294 1084 quaestorum
1328 1004 1478 1068 iudicirun

193 1106 331 1187 probent.

282 1230 349 1294 Hoo
372 1232 435 1296 fere
465 1238 685 1315 argumentum
715 1230 870 1312 orationis,
894 1235 1029 1298 breviter
1053 1235 1189 1317 quidem,
1223 1236 1276 1299 sed
1301 1237 1346 1299 ita
1370 1236 1479 1299 adum-

193 1339 329 1417 bratum,
359 1343 394 1402 ut
425 1340 665 1405 fundamentum
694 1344 784 1426 quasi
808 1343 1027 1425 disputationis
1051 1344 1175 1406 nostrae
1199 1343 1379 1406 habeamus.
1427 1343 1476 1405 Ad

169 1460 289 1526 'qoam
313 1447 376 1510 iarn
399 1448 525 1531 propius
550 1450 743 1515 accedamus,

285 1593 388 1672 Atque
411 1592 549 1674 primurn
566 1593 700 1674 quidem,
724 1596 760 1657 ut
776 1597 824 1657 est
838 1594 1040 1676 propositum,
1064 1613 1227 1669 causam,
1253 1612 1332 1676 quae
1348 1593 1478 1656 orationi

195 1699 356 1782 supposita
380 1702 438 1781 est,
463 1699 628 1764 dilucidius
651 1702 853 1765 illustremus,
1416 1700 1418 1705 ’

282 1824 330 1887 De
354 1845 416 1906 qua
440 1829 571 1907 egerunt
594 1846 666 1891 oum
689 1827 886 1891 Heffterus
911 1825 972 1910 (:
994 1823 1046 1906 Η.)
1077 1825 1215 1910 (mahen.
1242 1823 1478 1888 Gerichtsvert«

192 1952 220 2014 p.
245 1929 332 2014 246),
360 1932 564 1998 Ρ10110100
594 1936 655 2020 (:
677 1933 736 2016 ΡΙ.)
761 1932 924 2019 (»Ρ100000
948 1952 977 1996 u.
1002 1933 1124 2013 Klagen
1148 1933 1176 1995 b.
1201 1932 1228 1996 d.
1252 1932 1415 1995 Attilam«
1437 1931 1477 1994 Π.

192 2059 221 2121 p.
248 2041 310 2102 185
335 2038 423 2121 sqq),
453 2039 485 2105 O.
513 2042 566 2107 Fr.
594 2042 832 2105 Hermannus
861 2040 922 2125 (z
946 2038 1032 2120 Her.)
1057 2040 1211 2124 (>›symbol.
1237 2039 1275 2102 ad
1305 2038 1477 2102 doctrinam

192 2146 268 2209 iuris
291 2147 387 2209 Attici
411 2146 448 2210 de
471 2147 656 2212 iniuriarum
681 2149 872 2213 actionibus«
896 2145 1079 2229 0000011),
1103 2145 1335 2228 Siegfridius
1359 2150 1415 2231 l:
1433 2143 1478 2227 S.)

191 2253 246 2317 »de
270 2255 371 2317 multa
395 2274 474 2337 quae
500 2245 829 2342 despoliationem)
853 2275 881 2337 p.
906 2256 947 2318 37
973 2273 1050 2335 000,
1075 2256 1117 2316 50
1142 2273 1219 2335 sqq,
1244 2256 1283 2315 71
1310 2273 1385 2334 000,
1412 2252 1478 2335 78),

194 2361 254 2436 alii,
278 2363 355 2438 tum,
379 2361 1044 2444 Lipsius-Meierus-Sehoemannus
1069 2362 1130 2446 (:
1152 2358 1362 2443 L.-lll.-Sch.)
1387 2362 1476 2445 (»Att.

191 2466 356 2531 Processs‘2
387 2490 416 2552 p.
441 2472 483 2533 49
509 2489 563 2552 sq,
597 2471 670 2545 265,
695 2471 900 2544 302-312,
925 2470 989 2531 628
1015 2467 1103 2550 sqq).
1159 2467 1220 2547 Qui
1251 2468 1310 2530 viri
1334 2467 1415 2530 docti
1439 2468 1477 2532 de

192 2575 338 2639 universa
362 2576 488 2657 quidem
511 2595 606 2640 causa
629 2596 732 2656 neque
755 2578 862 2639 tamen
886 2576 923 2639 de
948 2575 1079 2657 singulis
1108 2575 1189 2639 inter
1213 2595 1246 2639 se
1270 2574 1476 2640 consentiunt.

193 2681 295 2760 Quare
319 2684 424 2747 omnia
447 2683 611 2765 diligenter
635 2686 858 2748 examinemus,
965 2712 967 2716 v

280 2811 383 2889 Atque
415 2808 489 2872 hinc
517 2809 676 2891 capiamus
706 2809 878 2872 exordium:
912 2809 1073 2872 licueritne
1105 2808 1251 2889 strategis
1283 2807 1477 2889 Polyaenum

193 2915 355 2996 stipendiis
379 2916 516 2980 emeritis
539 2916 652 2979 iterum
674 2916 804 2979 militiae
830 2914 1057 2998 adscribereP‘2)
1082 2915 1171 2993 Quod
1195 2915 1230 2978 ut
1254 2933 1476 2995 cognoscamus

191 3041 291 3105 pauca
313 3023 402 3086 nobis
427 3024 464 3087 de
488 3023 619 3087 dilectus
644 3023 725 3106 apud
741 3024 949 3086 Athenienses
973 3024 1093 3086 ratione
1117 3022 1248 3085 dicenda
1272 3024 1353 3086 sunt.
1399 3022 1476 3086 Inde

192 3131 230 3192 ab
255 3149 335 3193 anno
359 3130 589 3194 undevicesimo
622 3131 785 3211 usquead
812 3149 930 3193 aunrun
959 3131 1188 3210 sexagesimum
1210 3128 1342 3192 Athenis
1375 3130 1476 3193 omnis

190 3237 238 3300 vir
271 3237 310 3300 ad
343 3256 430 3300 arma
462 3238 548 3301 utilis
581 3239 769 3311 habebatur;
802 3255 898 3318 quare
931 3237 1015 3300 intra
1047 3239 1105 3301 hoc
1138 3237 1249 3301 aetatis
1281 3235 1420 3319 spatium
1442 3237 1475 3298 in

192 3346 400 3426 strategorurn
422 3345 539 3409 tabulis
568 3339 616 3431 (ἐν
637 3336 823 3426 καταλόγῳ,
853 3344 890 3408 of.
920 3344 1014 3408 Thuc.
1038 3344 1090 3409 VI.
1115 3347 1169 3426 43,
1193 3346 1228 3418 2;
1256 3343 1341 3408 VIII.
1366 3345 1417 3419 24,
1442 3342 1476 3425 2)

190 3451 359 3534 inscriptus
383 3455 457 3518 erat.
497 3452 584 3532 Quae
608 3453 653 3516 ita
675 3453 840 3516 institutae
864 3454 961 3527 erant,
985 3455 1021 3515 ut
1045 3471 1160 3529 omnes,
1186 3452 1239 3533 qui
1263 3451 1371 3514 eodem
1395 3469 1476 3515 anno

190 3559 358 3624 militarem
391 3561 527 3623 aetatem
560 3562 650 3622 erant
682 3560 847 3636 consecuti,
881 3561 938 3623 sub
972 3559 1047 3635 0100,
1081 3559 1134 3640 001
1167 3561 1236 3622 tum
1265 3545 1373 3643 ἅρχων
1401 3560 1476 3635 erat,

190 3666 347 3748 00101003)
371 3670 405 3730 10
428 3686 526 3730 unam
550 3686 672 3750 semper
696 3668 828 3731 classem
852 3666 1019 3748 conscripti
1043 3669 1155 3731 essent.
1203 3666 1305 3744 Quare
1329 3669 1372 3729 42
1396 3667 1475 3729 10100

191 3773 306 3838 classes
330 3774 498 3856 10010013)
530 3773 752 3852 Nemeorum,
777 3777 831 3855 qui
854 3774 1084 3855 sexagesimum
1103 3792 1222 3836 annum
1239 3775 1355 3854 egressi
1379 3775 1477 3850 erant,

190 3881 318 3944 nomina
341 3901 357 3946 e
381 3882 496 3945 tabulis
513 3882 734 3947 eximebantur.
771 3880 888 3944 Omnes
907 3870 1099 3963 Ἀθηναίων
1119 3874 1198 3954 τοὺς
1220 3868 1295 3962 ἄχρι
1317 3870 1475 3963 ἑξήκοντα

190 3981 273 4048 ἐτῶν
295 3977 352 4070 ἀφ’
377 3980 471 4073 ἥβης,
495 3991 597 4052 totum
620 3989 716 4070 igitur
732 3989 901 4052 exercitum
917 4007 978 4051 uno
994 3990 1132 4069 tempore
1149 3986 1309 4052 convocari
1327 3986 1475 4068 potuisse,

191 4095 403 4175 cognoscimus
428 4115 443 4158 e
469 4095 549 4160 Plut.
573 4095 664 4160 Phoc.
692 4098 742 4161 24.
789 4095 899 4178 Neque
927 4097 1034 4158 tamen
1063 4113 1185 4177 semper
1214 4112 1321 4158 omnes
1344 4093 1474 4156 militiae

190 4200 303 4283 idonei,
328 4202 382 4265 sed
405 4203 589 4285 plerumque
613 4204 696 4267 certo
712 4204 819 4266 ordine
836 4204 956 4266 servato
981 4202 1122 4283 singulae
1146 4202 1271 4265 tantum
1295 4202 1411 4264 classes
1436 4201 1475 4264 ad

194 4381 285 4388 -—-..-
295 4384 487 4390 ..—..-.--...-..
492 4384 512 4389 —

283 4467 299 4536 ¹)
318 4468 407 4537 quam
421 4469 631 4522 dissertationem
656 4468 797 4522 Schoell.
823 4467 928 4534 (Jonaor
951 4468 1060 4535 Littztg.
1089 4473 1157 4522 1878
1175 4467 1225 4522 No.
1245 4468 1272 4537 3)
1291 4471 1319 4522 01
1342 4468 1474 4537 Lipsius

189 4555 360 4624 (Jahresborr.
380 4557 398 4611 f.
418 4558 494 4612 class.
513 4557 609 4612 Altert.
628 4559 685 4613 XV.
705 4575 729 4627 p.
750 4561 801 4612 320
822 4560 889 4627 sqq.)
909 4560 1100 4610 recensuerunt.

280 4664 302 4732 Ξ)
321 4663 353 4718 af.
375 4667 405 4733 00
425 4669 450 4731 4,
471 4671 493 4719 a.

278 4783 299 4848 3)
316 4779 348 4836 cf.
367 4781 461 4847 locum,
481 4799 558 4850 quem
576 4783 731 4852 Harpoor.
752 4800 772 4836 s.
795 4800 816 4836 v.
837 4766 1031 4858 στρατεία
1051 4781 1128 4834 affert
1146 4778 1255 4834 Aristot.
1275 4778 1372 4833 Athen.
1391 4780 1474 4849 polit,

189 4881 257 4934 unde
276 4882 355 4935 etiam
373 4883 452 4948 illins,
473 4884 518 4952 001
537 4901 604 4936 anno
623 4884 793 4953 superiore
813 4867 990 4956 ἐπώνυμος
1006 4883 1101 4950 100101,
1125 4900 1219 4936 nomon
1238 4883 1400 4952 adscriptum
1418 4899 1474 4935 esse

189 4973 280 5030 clucet.
