3360 5556
729 243 940 319 -38-÷

192 429 374 523 ἡγούμενοι
397 433 434 500 δὲ
458 428 604 522 λήσεινῐ)
626 433 706 521 περὶ
725 433 851 512 παντὸς
875 431 982 500 πλείω
1005 429 1104 521 λόγον
1124 429 1147 525 ἢ
1170 438 1232 501 τοῦ
1252 430 1482 524 προσήκοντος

194 543 391 621 ποιοῦνται,·
417 546 547 628 simplex
563 546 640 609 haec
656 546 812 610 sententia
828 546 1093 611 circumscribitur
1108 568 1164 632 per
1180 567 1212 611 se
1233 547 1309 611 satis
1327 546 1479 610 dilucida:

192 647 226 716 τί
247 673 330 716 ποτε
346 646 584 737 διανοηθέντες
597 681 631 691 -
643 646 862 738 ἐπεχείρησαν
882 645 1087 735 διαβάλλειν,
1114 646 1259 738 πότερον
1275 642 1481 736 ἀγνοοῦντες,

195 749 249 818 ότι
273 786 306 794 -
329 751 451 837 λέγειν·
472 746 494 842 ἢ
517 746 695 841 ἡγούμενοι
718 745 865 841 λήσειν,·,
889 759 943 839 §2
968 761 1050 823 certe
1073 760 1151 822 haec
1165 759 1255 822 nobis
1272 758 1481 822 suffecissent:

196 855 331 942 ὅτιμὲν
352 852 411 925 οῦκ
434 858 518 942 ε’μοῦ
539 854 805 948 κατεφρόνησαν,
841 854 927 926 ἀλλά
958 865 1020 927 τοῦ
1042 855 1240 949 πράγματος
1262 863 1382 949 σαφιῦς
1406 857 1482 926 ἐπί-

196 991 331 1051 σταμαι.
363 966 521 1045 Quomodo
537 967 670 1030 molesta
684 967 827 1049 repetitio
842 968 1009 1032 verborum
1026 963 1146 1053 λόγους
1158 962 1285 1053 (λόγον)
1302 971 1485 1033 ποιεῖσθαι

198 1075 313 1138 evitata
347 1075 438 1138 esset.
483 1073 649 1138 Praeterea
672 1074 772 1138 hisee:
807 1063 865 1136 οὐκ
887 1069 971 1152 ἐμοῦ
1002 1065 1314 1159 καταφρονήσαντες
1335 1075 1419 1138 idern
1446 1075 1486 1137 si-

198 1183 339 1264 gnificari
356 1183 450 1264 atque
470 1181 513 1245 eis
531 1200 610 1263 quae
635 1180 837 1274 antecedunt:
861 1174 919 1242 τὸν
940 1172 1067 1263 τρόπον
1086 1202 1151 1262 μου
1174 1175 1392 1267 ἐπεχείρησαν
1408 1178 1485 1242 δια-

196 1280 335 1368 βάλλειν
358 1289 389 1352 et
412 1289 512 1352 hisce:
537 1287 598 1349 τοῦ
620 1278 819 1371 πράγματος
840 1279 1155 1372 καταφρονήσαντες
1180 1289 1264 1353 idem
1289 1289 1382 1369 atque
1406 1287 1485 1350 illis:

197 1394 257 1456 τοῦ
279 1386 478 1479 πράγματος
498 1384 756 1479 παρημελήκασι
778 1413 840 1456 non
864 1394 979 1457 iniuria
995 1395 1073 1486 mihi
1093 1395 1138 1459 St.
1154 1396 1306 1478 explicare
1325 1392 1487 1477 videtur.'²)

197 1502 235 1564 In
259 1502 303 1565 eis
328 1503 444 1584 autern,
468 1520 547 1582 quae
572 1502 731 1582 sequntur,
757 1499 951 1564 desideratur
974 1504 1046 1585 post
1069 1493 1276 1587 ἐγκλήματος
1299 1501 1486 1565 vocabulum

99 1629 102 1636 ·
198 1599 303 1689 μόνοιν
326 1609 574 1671 additamentum
599 1609 630 1670 et
653 1606 763 1671 deinde
786 1627 841 1690 pro
864 1607 964 1671 hisce:
990 1605 1070 1690 περὶ
1090 1600 1251 1671 πάντων
1273 1602 1332 1693 τήν
1353 1597 1487 1668 ἀπολο-

199 1709 274 1796 γίαν
297 1704 512 1798 ποιήσασθαι
536 1715 768 1796 exspectantur:
802 1710 883 1799 περί
911 1704 1154 1798 ἀμφοτέρων
1180 1735 1207 1775 τ.
1233 1704 1264 1778 ἀ.
1285 1736 1322 1776 π.
1332 1714 1356 1797 5)
1381 1752 1422 1760 -
1447 1715 1485 1777 In

200 1822 418 1892 narratione
448 1821 559 1886 deinde
584 1840 628 1898 ea,
657 1841 736 1902 qnae
767 1821 934 1885 adrerum
959 1824 1078 1886 statum
1105 1823 1138 1884 in
1162 1822 1344 1885 universum
1371 1821 1489 1886 intelli-

201 1929 339 2011 gendum
362 1928 495 1992 maxime
518 1928 696 1992 necessaria
719 1930 801 2005 sunt
830 1930 867 1992 ut
890 1930 1101 2011 cognovimus,
1125 1931 1304 1995 narrantur.
1354 1931 1401 1993 De
1427 1930 1490 1993 sin·

203 2036 285 2118 gulis
309 2037 424 2117 autern,
449 2053 528 2117 quae
554 2035 635 2098 infra
658 2034 838 2116 diligentius
863 2037 1117 2113 examinabimus
1152 2035 1227 2100 adeo
1250 2055 1314 2099 non
1333 2037 1488 2108 docemur,

204 2143 259 2207 sed
283 2142 321 2205 ad
346 2132 537 2206 coniecturas
561 2142 720 2206 faciendas
746 2143 910 2224 confugere
934 2144 1032 2206 coacti
1056 2163 1175 2220 sumna,
1199 2147 1235 2206 ut
1259 2144 1336 2206 mihi
1361 2142 1489 2228 quidem

203 2250 289 2313 laudi
322 2249 375 2325 illi,
410 2269 505 2333 quarn
537 2250 664 2332 Dionys.
718 2250 830 2332 Lysiae
863 2242 1031 2334 σαφηνείᾳ
1060 2248 1212 2333 tribuite)
1245 2251 1317 2314 talis
1349 2250 1489 2314 narratio

207 2357 346 2420 sufficere
362 2377 427 2419 non
442 2356 594 2420 videatur.
618 2357 720 2436 Quam
736 2377 837 2438 neque
848 2357 1041 2440 excerptoris
1061 2357 1114 2438 qui
1127 2359 1220 2422 verba
1233 2358 1361 2422 oratoris
1374 2358 1491 2441 partim

167 2446 168 2450 ¹
207 2464 395 2527 contraxerit
417 2465 533 2546 partim
556 2465 704 2549 omiserit,
738 2484 830 2547 opera
852 2465 1032 2555 mutilatam
1054 2483 1156 2546 neque
1179 2465 1376 2528 librariorum
1400 2465 1492 2547 culpa

206 2572 302 2634 nimis
326 2572 503 2652 corruptam
527 2591 595 2635 esse
618 2572 651 2634 in
669 2573 763 2635 tertia
779 2574 902 2635 nostrae
927 2572 1147 2654 disputationis
1170 2574 1259 2655 parte
1276 2572 1489 2636 demonstrare

208 2678 398 2742 conabimur.
422 2717 463 2724 -
488 2680 776 2759 Argumentatio
809 2678 861 2763 (ἐξ
888 2680 1040 2764 10-18)
1073 2699 1163 2762 porro
1196 2679 1314 2742 similes
1343 2679 1491 2760 ambages

206 2786 335 2868 praebet
368 2786 461 2864 atque
493 2785 694 2867 prooemium.
740 2786 883 2849 Primum
916 2804 988 2849 curn
1020 2786 1132 2849 dixerit
1165 2788 1267 2850 orator
1299 2787 1361 2868 §9
1394 2787 1491 2850 haec:

207 2893 310 2976 »quod
332 2893 381 2955 lex
404 2893 539 2975 tantum,
562 2895 599 2956 ut
622 2892 793 2969 audivistis,
816 2885 894 2966 τοὺς
923 2885 957 2952 ἐν
986 2890 1035 2974 τῷ
1064 2885 1226 2974 συνεδρίῳ
1252 2889 1494 2977 λοιδοροῦντας

208 2999 312 3083 puniri
336 2999 429 3075 iubet,
462 3019 512 3062 me
537 3000 643 3063 autem
664 3021 726 3064 non
751 2991 799 3073 εἰς
819 2992 856 3059 τὸ
879 2987 1010 3081 ἀρχεῖον
1040 2998 1207 3062 intravisse
1236 2999 1333 3063 testes
1358 2999 1494 3063 affirma·

208 3107 328 3182 verunt,
352 3105 466 3169 iniuria
489 3107 642 3171 multatus
666 3097 831 3191 ἐπιβολήν
862 3106 978 3169 solvere
1001 3124 1064 3168 non
1080 3105 1203 3182 debeo«,
1227 3106 1285 3170 hoc
1307 3107 1398 3170 modo
1415 3108 1433 3188 ξ
1453 3108 1493 3169 10

209 3232 362 3301 pergens:
402 3205 432 3274 εἰ
450 3207 513 3295 γὰρ
534 3204 681 3296 φανερός
702 3205 770 3292 εἶμι
791 3205 836 3297 μή
858 3203 1044 3287 ἐλθιὺνείς
1061 3205 1099 3273 τὸ
1127 3205 1309 3296 συνέδριον,
1338 3203 1356 3273 ὁ
1381 3208 1418 3274 δὲ
1439 3204 1494 3273 νό-

209 3340 273 3401 μος
293 3313 371 3392 τούς
391 3312 482 3392 ἐντός
503 3315 782 3403 πλημμελοῦντας
802 3307 958 3401 ἀγορεύει
981 3311 1039 3402 τήν
1060 3311 1179 3402 ζημίαν
1201 3306 1361 3398 ἀφείλειν,
1379 3308 1495 3403 ήδικη-

211 3421 278 3500 κιίις
297 3421 357 3502 μὲν
379 3414 474 3487 οὐδὲν
491 3419 667 3507 φαίνομαι,
689 3415 796 3508 diotrepi
820 3419 856 3484 δὲ
873 3410 951 3484 ἀνευ
972 3414 1093 3484 τούτου
1111 3415 1316 3507 παραλόγως
1325 3424 1350 3503 ⁶)
1369 3420 1495 3509 ζημιω-

306 3591 323 3658 ¹)
341 3593 401 3659 post
426 3573 538 3667 λήσειν
556 3588 682 3642 excidisse
701 3571 895 3652 ἀδικοῦντες
926 3587 1075 3656 suspicatur
1093 3589 1197 3656 praeter
1224 3588 1407 3641 necessitatem
1425 3587 1495 3640 Fra.

236 3685 278 3738 .l.
318 3687 395 3737 .64.

213 3685 234 3751 ss
298 3701 325 3841 Ig)
343 3683 437 3825 Τολου]
455 3773 526 3825 hunc
543 3771 629 3824 locum
644 3769 686 3826 St.
706 3771 803 3824 rectius
821 3769 989 3839 interpretari
1009 3771 1072 3838 puto
1091 3769 1257 3839 quemme,
1276 3769 1322 3839 qui
1340 3770 1396 3836 (ll.
1406 3787 1432 3839 p.
1444 3770 1496 3839 65),

215 3865 439 3948 καταφρονεῖν
463 3871 535 3924 vorbi
560 3885 639 3922 sensu
666 3868 733 3922 falso
751 3868 892 3935 intellecto,
919 3870 934 3936 ἓ
960 3872 975 3921 2
1001 3868 1063 3921 olim
1091 3868 1128 3920 sic
1153 3868 1277 3937 scriptam
1295 3867 1377 3921 fuisse
1395 3871 1499 3938 praetor

214 3992 268 4028 rem
288 3973 433 4027 existimat:
454 3957 508 4026 ὅτι
527 3960 588 4045 μὲν
608 3951 679 4026 οὖν
700 3959 784 4043 ἐμοῦ
805 3954 1119 4048 καταφρονήσαντες
1134 3956 1212 4036 τοῦς
1229 3953 1350 4044 λόγους
1359 3962 1498 4024 ποιοῦν-

217 4091 273 4132 ται
291 4068 411 4151 σαφιῦς
433 4061 627 4148 ἐπίσταμαι.
671 4075 795 4128 Pluribus
814 4076 947 4143 praeterea
966 4073 1031 4141 (1εὲ
1051 4076 1067 4125 2
1086 4072 1142 4140 egit
1159 4071 1227 4127 Foe.
1247 4072 1274 4141 (l.
1294 4072 1310 4126 l.
1330 4090 1356 4141 p.
1376 4073 1411 4141 7).

308 4170 380 4240 ³.)cf
401 4171 444 4224 St.
464 4170 548 4239 (1.1..)

307 4259 443 4328 ).cfSt.
464 4260 520 4327 ll„
539 4276 564 4327 p
586 4261 636 4312 502
656 4257 731 4327 sqq)

308 4343 329 4406 5)
347 4357 399 4392 non
416 4341 496 4410 probo
510 4339 641 4407 Taylori
659 4339 848 4392 coniecturam:
867 4316 951 4390 ἀντὶ
965 4318 1085 4388 τοῦτον
1098 4319 1325 4409 παρανόμως,
1345 4351 1500 4404 quamcum-

220 4425 328 4478 mandat
316 4423 395 4477 t.St
419 4425 477 4490 (l,
501 4441 526 4492 p.
553 4423 603 4476 509
623 4426 687 4493 sq);
706 4423 752 4476 sed
769 4420 899 4476 Rerskrr
917 4403 1217 4496 παραλαγίοςίρτο
1239 4419 1365 4473 librorum
1385 4433 1496 4496 παρα-

219 4494 335 4583 γώγως
362 4508 438 4576 coni.)
466 4508 521 4561 eis:
555 4487 648 4563 όλνεν
676 4492 795 4561 τοῦτον
827 4506 926 4573 verbis,
961 4523 1027 4575 quae
1058 4504 1120 4557 libri
1150 4504 1275 4596 praebent
1306 4519 1423 4572 quaeque
1455 4519 1500 4556 cur

223 4595 357 4648 mutemus
384 4609 435 4644 non
463 4593 562 4645 satis
555 4611 582 4646 1n
584 4594 681 4662 telligo,
709 4593 783 4645 valde
810 4591 945 4645 convenire
972 4594 1036 4660 puto
1060 4588 1102 4659 (cf.
1127 4590 1142 4657 ξ
1167 4593 1211 4642 12:
1240 4570 1402 4661 εὐλόγως),
1425 4589 1501 4657 idque

218 4686 324 4758 propria
341 4684 392 4736 hac
410 4685 528 4738 notione:
557 4689 677 4755 „praeter
695 4684 942 4754 exspectationem“;
970 4699 1049 4752 quarn
1076 4682 1156 4734 habet
1182 4681 1273 4734 multis
1301 4681 1372 4747 locis,
1402 4684 1432 4734 ut
1460 4697 1499 4750 ap.

220 4778 302 4830 Thne.
322 4774 353 4841 (l,
373 4778 419 4840 65;
443 4779 505 4841 140;
524 4775 559 4843 ΙΙ,
580 4776 636 4845 91);
655 4774 765 4828 Anstot.
776 4772 873 4841 (utha.
892 4772 951 4826 Nrc.
961 4771 993 4838 V,
1016 4773 1072 4837 10);
1091 4787 1132 4840 ap.
1153 4771 1219 4823 Xon.
1236 4771 1347 4840 saepius,
1367 4770 1413 4836 al.;
1433 4769 1500 4822 idem

221 4882 299 4945 atque
317 4855 443 4938 ἀδίκως
461 4873 594 4942 significat
612 4891 662 4926 uno
680 4873 731 4925 hoc
748 4872 823 4926 Dem.
842 4871 911 4922 loco:
929 4869 1039 4936 XXVII,
1059 4873 1093 4922 68
1113 4854 1255 4942 (δίκαιαι
1280 4851 1376 4923 δ’ἕσά
1398 4856 1501 4923 ἐλεεῖν

222 4959 261 5032 οὐ
280 4964 359 5044 τούς
378 4961 525 5042 ἀδίκους,
547 4958 633 5029 ἀλλὰ
656 4960 735 5040 τοὺς
757 4956 997 5050 παραλόγως
1016 4961 1279 5047 δυστυχοῦντας).
