3330 5542
722 294 932 356 „21-

187 491 371 554 invenimus.
433 490 536 569 Quare
575 491 720 571 equidem
759 490 892 553 arbitror
932 492 1112 574 quaestores
1145 492 1303 555 Minervae
1335 490 1469 553 indicem
1508 524 1510 530 ·

186 598 334 661 habuisse
367 598 507 661 omnium
535 616 642 660 eorum
670 598 863 681 publicorum
896 597 1081 679 debitorum,
1114 599 1167 679 qui
1199 599 1299 680 spatio
1330 597 1469 677 legitimo

188 706 364 788 contempto
374 703 397 786 1)
421 725 482 769 non
506 705 728 789 pependissent
748 703 902 788 multam)
940 704 1010 783 Qua
1027 703 1214 786 sententiar)
1238 704 1350 768 medus
1375 723 1470 784 quam

189 811 227 877 S}
250 815 281 877 et
303 813 361 875 loci
384 813 430 875 illi
454 812 514 876 duo
538 832 579 876 or.
605 830 629 874 o.
652 811 777 874 Theoor.
804 811 875 876 hab.
900 813 1044 894 explicari
1073 815 1205 895 possunt
1233 814 1265 876 et
1291 813 1351 876 boo
1379 832 1420 875 or.
1445 831 1468 877 o.

188 920 320 1000 Aristog.
355 921 531 1002 exemplum
566 919 612 1004 (Ι,
636 917 679 1001 4),
713 938 773 1001 quo
806 919 981 1001 opinionem
1015 939 1105 983 suam
1147 920 1294 983 adiuvare
1327 917 1469 1000 studet.⁴)

73 1034 81 1040 ”
187 1027 354 1090 Praeterea
377 1045 428 1089 eos
454 1045 576 1109 quoque
600 1045 708 1090 omnes
731 1027 823 1107 locos,
847 1027 900 1089 ubi
923 1027 1117 1109 praetoribus
1134 1047 1196 1090 non
1217 1011 1469 1091 ⁴commemoratis

188 1136 225 1199 de
249 1135 449 1217 inscriptione
466 1134 549 1216 apud
571 1126 694 1212 ταμίας
716 1134 843 1196 tantum
859 1132 942 1196 faeta
966 1134 1108 1214 legimus,
1133 1154 1151 1198 a
1173 1135 1262 1198 nobis
1286 1134 1400 1197 rectius
1424 1134 1470 1196 in-

188 1242 286 1323 telligi
310 1239 422 1325 putas)
468 1241 611 1324 Denique
645 1242 751 1303 autem
784 1260 855 1303 oum
882 1260 918 1304 ea
941 1241 1021 1324 ipsa,
1053 1242 1090 1305 de
1125 1261 1187 1324 qua
1211 1241 1342 1322 agimus,
1375 1260 1469 1304 causa

186 1351 293 1414 nostra
317 1349 472 1412 sententia
494 1349 596 1430 magis
620 1348 769 1429 congruit.
827 1348 964 1429 Strategi
994 1349 1077 1412 enim
1102 1367 1294 1430 quamquam
1322 1348 1382 1431 ipsi
1406 1368 1468 1412 non

187 1458 374 1539 ignorantes,
400 1458 589 1538 quantopere
613 1476 648 1520 ex
671 1457 740 1536 lege
763 1475 826 1519 non
850 1456 995 1537 egissent,
1024 1457 1217 1538 practoribus
1245 1458 1380 1521 militem
1406 1477 1469 1521 non

187 1564 401 1627 indicaverant
432 1583 532 1644 neque
566 1564 648 1627 intra
679 1564 956 1646 praescriptionem
989 1557 1152 1647 ἐπιβολὴν
1174 1564 1358 1645 exigendam
1382 1584 1469 1628 onra-

187 1673 304 1747 verant
338 1691 374 1735 ea
406 1671 659 1755 praetermissa⁶)
691 1691 792 1752 neque
824 1673 926 1735 multa
959 1691 976 1734 a
1011 1672 1156 1734 veterano
1190 1672 1305 1754 soluta,
1344 1672 1471 1736 licentia

188 1779 305 1855 eadem,
340 1798 401 1859 qua
433 1778 482 1841 usi
515 1780 589 1841 sunt
621 1798 676 1862 per
707 1780 806 1842 totam
838 1798 975 1855 causam,
1008 1778 1142 1841 militem
1173 1781 1210 1842 ut
1240 1777 1288 1860 τῷ
1319 1772 1469 1863 δημοσίῳ

187 1876 368 1967 ὀφείλοντα
390 1889 460 1959 τοῖς
482 1879 620 1965 ταμίαις
640 1886 842 1962 tradiderant,
867 1906 901 1949 eo
918 1886 1055 1966 oonsilio,
1074 1887 1111 1948 ut
1126 1886 1157 1948 in
1173 1887 1369 1969 publicorum
1386 1886 1471 1950 debi-

188 1997 292 2058 torum
324 1993 447 2057 tabellis
480 1993 513 2056 in
541 1993 698 2058 Minervae
730 1995 847 2077 templo
879 1994 988 2077 positis
1021 1993 1248 2059 inscriberetur.
1310 1993 1469 2072 Quomodo

189 2102 284 2165 etiam
308 2121 363 2165 our
385 2101 619 2183 inscriptionem
643 2101 724 2184 apud
750 2103 906 2183 praetores
930 2101 1033 2183 potius
1057 2119 1152 2181 qnam
1181 2102 1264 2184 apud
1288 2104 1469 2183 quaestores

187 2208 362 2272 faciendam
381 2209 582 2289 neglexerint,
606 2209 720 2272 clarius
737 2210 792 2283 est,
818 2227 913 2290 quam
937 2207 963 2270 si
988 2227 1058 2270 oum
1076 2208 1119 2272 S.⁰
1144 2208 1313 2272 conicimus
1338 2210 1377 2273 ad
1400 2210 1469 2273 illos
1504 2204 1508 2211 ’

189 2334 301 2379 novem
324 2315 441 2378 multae
465 2317 578 2398 partes,
603 2315 642 2379 ad
664 2315 722 2378 hos
745 2334 842 2378 unam
866 2316 962 2378 fuisse
985 2314 1170 2380 referendas.

277 2422 397 2501 Quibus
430 2422 594 2486 illustratis
628 2423 736 2504 etqui
769 2415 801 2483 οὶ
823 2416 943 2502 ταμίαι
974 2422 1091 2486 fuerint
1115 2424 1222 2505 etqui
1247 2424 1401 2501 acciderit,
1435 2427 1471 2488 ut

189 2531 233 2594 eis
257 2552 276 2593 a
299 2530 445 2611 strategis
468 2521 612 2614 ἐπιβολή
635 2531 689 2594 illa
712 2531 896 2612 traderetur,
929 2531 1053 2594 scimus
1110 2531 1171 2595 Sed
1203 2551 1304 2615 pauca
1328 2532 1470 2596 addenda

189 2639 263 2702 sunt
286 2638 323 2701 do
348 2638 400 2713 eis,
426 2657 504 2718 quae
528 2638 561 2700 in
584 2639 637 2701 IX.
662 2639 763 2721 [Lys]
787 2657 828 2703 or.
854 2640 908 2720 §7
933 2640 1116 2720 sequuntur.
1154 2639 1246 2703 Unde
1271 2640 1371 2703 elucet
1394 2640 1469 2703 deae

190 2748 368 2828 quaestores
391 2764 525 2828 poenam
557 2766 617 2811 non
651 2746 741 2810 modo
774 2765 837 2809 non
860 2745 1064 2828 inscripsisse,
1098 2747 1152 2810 sed
1185 2747 1280 2810 etiam
1312 2747 1469 2810 remisisse

188 2853 351 2936 Polyaeno.
397 2853 507 2935 Neque
531 2873 601 2917 vero
624 2873 680 2936 per
704 2873 736 2917 se
760 2854 897 2936 apparet,
922 2853 1074 2933 quomodo
1096 2855 1214 2918 multae
1238 2874 1257 2918 a
1279 2854 1470 2935 magistrati-

188 2961 246 3024 bus
272 2959 363 3023 alioni
395 2960 548 3041 irrogatae
573 2963 612 3024 ab
636 2961 748 3024 aerarii
780 2960 944 3043 praefectis
968 2960 1134 3024 condonari
1166 2961 1332 3043 potuerint.
1386 2962 1470 3024 Nam

189 3087 233 3144 ea,
258 3087 338 3151 quae
363 3087 410 3151 ap.
433 3067 549 3133 Polluc.
574 3069 671 3154 (VIII.
696 3066 751 3151 97)
775 3069 891 3151 scripta
914 3069 1002 3130 sunt:
1026 3055 1113 3143 εἶχον
1134 3063 1171 3130 δὲ
1195 3069 1273 3153 (scil.
1297 3060 1330 3128 οὶ
1351 3062 1471 3147 ταμίαι

186 3175 245 3259 τῆς
267 3175 368 3256 θεοῦ)
391 3169 545 3249 ἐξουσίαν
564 3171 621 3238 καί
647 3170 766 3260 ζημίαν
791 3165 939 3259 ἀφελεῖν.
971 3169 1001 3237 εἰ
1024 3164 1148 3248 ἀδίκοις
1166 3166 1234 3237 ὑπὸ
1261 3174 1328 3236 τιῦν
1353 3165 1470 3258 ἀρχόν-

187 3302 252 3342 των
273 3273 518 3366 anastasiae)
550 3300 611 3344 non
643 3281 750 3363 magni
782 3280 932 3344 momenti
956 3282 1038 3357 sunt,
1072 3280 1153 3360 quod
1180 3280 1305 3362 propter
1327 3280 1470 3342 nostrum

280 3496 298 3562 ¹)
315 3495 454 3548 intervalla
472 3494 574 3548 diversa
591 3493 673 3546 fuisse
691 3494 767 3546 docet
784 3493 856 3547 Boe.
876 3493 924 3561 (St.
944 3493 978 3546 H.
998 3491 1018 3546 Ι.
1038 3509 1063 3561 p.
1083 3496 1135 3546 457
1155 3494 1212 3560 sq).

276 3585 297 3653 Ξ)
316 3585 448 3638 Minervae
466 3584 550 3654 ipsius
569 3600 643 3636 areae
662 3583 808 3636 debitorum
821 3583 932 3635 tabellas
954 3598 998 3634 eos
1019 3583 1153 3650 praeterea
1171 3581 1294 3633 habuisse
1312 3582 1421 3650 apparet
1439 3597 1469 3632 ex

187 3675 232 3740 oie,
251 3691 317 3744 quae
335 3692 376 3744 ap.
397 3674 494 3742 [Dom]
513 3673 590 3742 (Mac.
610 3673 654 3741 71)
672 3673 792 3740 legimus.

276 3766 297 3832 ³)
315 3781 393 3834 quam
412 3765 492 3818 etiam
510 3763 620 3818 Schoell.
640 3763 668 3829 (l.
687 3763 715 3831 1.)
735 3765 761 3816 et
778 3763 807 3815 L.
826 3760 868 3828 (A.
888 3762 931 3815 Pr.
950 3764 961 3798 ²
980 3779 1005 3830 p.
1024 3765 1067 3827 49,
1087 3778 1112 3814 n.
1133 3763 1175 3826 23,
1195 3759 1228 3812 cf.
1248 3776 1299 3814 roc.
1318 3777 1338 3814 s.
1359 3762 1393 3826 o.)
1411 3776 1470 3829 pro·

186 3853 248 3906 bare
267 3853 348 3906 video.

277 3943 546 4014 Qmpffinb

278 4043 298 4108 ⁵)
316 4042 383 4096 Item
406 4043 451 4113 qui
469 4042 568 4096 factum
587 4041 630 4107 sit,
655 4043 687 4093 ut
708 4038 813 4092 omnino
833 4021 865 4090 οἳ
887 4021 1037 4116 δημοσίῳ
1056 4018 1252 4112 ὀφείλοντες
1269 4037 1297 4090 in
1316 4036 1392 4089 deae
1411 4037 1470 4090 albo

187 4135 404 4203 consignarentur
422 4138 449 4189 et
466 4134 680 4204 inscriptionibus
708 4132 734 4186 in
764 4148 822 4185 arco
840 4131 918 4185 factis
937 4131 1019 4184 maior
1037 4130 1076 4183 vis
1100 4132 1268 4194 tribueretur,
1296 4148 1367 4183 nuno
1385 4131 1470 4199 magis

188 4223 287 4277 elucere
306 4225 433 4278 existimo.

282 4314 303 4378 ὃ)
322 4312 397 4378 Quod
416 4318 504 4367 nostro
522 4315 577 4367 loco
596 4314 637 4382 (ἓξ
656 4316 681 4377 6,
701 4311 727 4380 7)
746 4328 797 4363 non
816 4327 884 4362 nona
901 4315 1027 4379 prytanea
1044 4311 1158 4379 peracta,
1175 4310 1220 4363 sed
1239 4325 1345 4363 munere
1362 4310 1471 4379 impera-

190 4414 276 4464 torum
296 4415 405 4466 exeunte
423 4412 582 4482 Polyaenum
607 4412 639 4464 ab
659 4410 696 4464 eis
722 4403 792 4476 τοῖς
812 4395 950 4478 ταμίαις
967 4408 1095 4460 traditum
1114 4425 1169 4461 esse
1187 4407 1307 4475 legimus,
1334 4407 1372 4460 nil
1391 4407 1471 4460 habet

189 4505 345 4559 offensionis.
383 4505 458 4560 Corte
475 4509 579 4575 tempus
597 4504 700 4573 legibus
718 4506 849 4557 statutum
867 4502 972 4555 exierat.

282 4603 300 4669 7)
319 4603 400 4657 Totus
419 4604 462 4658 hic
480 4604 552 4657 locus
571 4604 609 4656 sic
626 4603 736 4671 legitur:
770 4588 889 4674 ταμίαι
926 4592 984 4678 τῆς
1021 4591 1109 4653 θεοῦ
1143 4586 1309 4676 κληρωτοί
1341 4585 1402 4669 μὲν
1433 4584 1469 4651 ἐκ

190 4693 559 4778 πεντακοσιομεδίμνων
579 4685 671 4782 ἦσαν,
706 4692 747 4759 τὰ
768 4692 805 4759 δὲ
822 4688 976 4781 χρήματα
1002 4685 1264 4774 παρελάμβανον
1277 4691 1336 4778 τῆς
1345 4688 1471 4776 βουλῆς

192 4793 375 4885 παρούσης.
415 4797 594 4863 ἐκαλοῦντο
620 4797 657 4863 δὲ
679 4785 774 4862 οῦτοι
793 4793 1019 4882 κωλακρίται·
1053 4786 1139 4874 εἶχον
1169 4794 1206 4860 δὲ
1225 4820 1255 4858 κ.
1277 4817 1305 4857 τ.
1325 4793 1353 4856 λ.
1397 4801 1469 4854 Haeo

190 4912 281 4966 verba:
301 4899 481 4966 ἐκαλοῦντο
502 4899 539 4965 δὲ
561 4887 656 4965 οὗτοι
678 4896 887 4985 κιολακμὲται
907 4926 967 4962 oum
985 4909 1140 4976 Stojontino‚
1159 4908 1201 4963 hl
1219 4906 1261 4976 (A.
1280 4907 1323 4960 Pr.
1342 4908 1362 4972 ²,
1380 4922 1405 4975 p.
1427 4908 1468 4970 50,

190 5021 216 5058 n.
235 5005 280 5075 25)
306 5006 444 5060 inserenda
468 5022 524 5058 osse
542 5005 570 5057 in
588 5004 633 5072 eis,
662 5021 728 5074 quae
746 5005 823 5058 antea
840 5003 878 5056 ibi
896 5002 928 5055 de
955 4999 1088 5072 apodootis
1107 4999 1266 5067 dictasunt,
1290 5000 1362 5068 puto.
1399 4996 1468 5050 Nam
