3330 5542
723 296 934 359 ..29-

188 472 321 556 dicendi⁸
335 493 428 556 tenue
457 493 511 556 des
534 492 674 557 Redners
697 492 829 575 Lysias),
857 493 890 558 F.
914 494 949 555 A.
972 492 1178 556 Muellerus
1202 490 1263 575 (:
1286 489 1377 574 Mne)
1405 491 1471 575 (cb-

187 619 285 663 servv.
310 600 347 663 de
370 601 441 683 Lys.
465 601 646 677 elocutione,
670 622 698 684 p.
722 601 760 666 1.:
786 602 823 664 de
848 598 1064 681 anacoluthis),
1088 599 1334 663 Athrechtius
1358 599 1414 683 (:
1430 599 1469 680 A)

188 707 241 790 (de
265 725 306 771 or.
330 705 400 790 hya.
416 705 591 789 vigesima),
614 707 836 773 Nouackius
860 707 916 791 (:
932 706 992 788 No)
1017 707 1225 771 amicissimus
1248 706 1299 789 (de
1316 726 1372 771 orr.
1390 725 1470 789 quoe

187 813 270 877 inter
285 813 432 896 Lysiaeas
448 814 591 877 feruntur
613 814 695 879 XIV.
713 817 744 878 et
764 814 834 877 XV.
859 815 1042 896 authentia),
1066 814 1302 878 Fritzschius
1327 815 1383 898 (Σ
1406 812 1470 895 Fri)

187 921 240 1005 (de
256 921 476 1003 Pseudolysiae
493 923 632 985 oratione
649 919 778 1004 octava),
802 922 1114 985 Thomaschikius
1138 921 1194 999 (:
1209 921 1268 1002 Th)
1293 921 1344 1004 (de
1361 920 1470 1003 Lysiae

189 1028 337 1110 epitaphii
363 1028 525 1091 authentia
548 1027 733 1111 verisimili),
761 1028 808 1091 Le
837 1029 986 1091 Beauus
1015 1027 1071 1112 (z
1094 1029 1137 1091 Le
1161 1028 1200 1112 B)
1225 1027 1357 1113 (Lysias'
1381 1029 1472 1110 »Epi-

188 1134 330 1216 taphiosc
353 1136 399 1199 als
423 1135 494 1198 echt
518 1135 684 1217 erwiesen).
730 1135 777 1198 Dc
810 1155 892 1199 noua
923 1136 993 1219 ipsa
1015 1135 1152 1199 oratione
1180 1136 1270 1217 plura
1298 1135 1472 1198 attulerunt

190 1261 262 1305 eum
284 1243 533 1307 Foertschius
556 1243 614 1325 (:
636 1240 711 1323 Foe)
735 1242 884 1327 (observa
909 1243 1032 1306 criticae
1055 1242 1087 1305 in
1112 1243 1182 1325 Itys.
1207 1262 1264 1306 orr.
1288 1263 1317 1325 p.
1336 1242 1470 1323 7-13)

189 1351 221 1412 et
243 1349 312 1412 Fra
335 1350 366 1435 (l.
390 1351 410 1414 1.
433 1370 461 1433 p.
487 1346 640 1432 64-72),
663 1352 732 1414 tum
757 1350 805 1414 St.
829 1351 873 1435 (11.
897 1349 942 1431 11.)
967 1353 998 1414 et
1020 1350 1055 1414 B.
1081 1350 1111 1432 (l.
1136 1349 1154 1414 1.
1178 1370 1207 1430 p.
1231 1351 1296 1413 596
1321 1348 1410 1432 sqq).

280 1457 502 1520 Examinemus
526 1456 590 1520 iam
614 1457 690 1521 duce
714 1457 872 1540 Dionysio,
898 1458 951 1542 qui
974 1459 1007 1520 in
1030 1458 1109 1521 libro
1137 1457 1174 1521 do
1197 1456 1292 1538 Lysia
1325 1456 1438 1539 scripto
1447 1454 1471 1538 ¹)

191 1563 330 1644 singulas
354 1564 420 1627 eius
444 1565 575 1628 virtutes
599 1566 769 1640 enumerat,
795 1567 899 1628 utmnr
923 1565 1018 1646 digna
1042 1565 1083 1628 sit
1105 1564 1202 1628 oratio
1222 1565 1362 1627 veterum
1385 1564 1472 1626 testi-

191 1671 296 1733 monio
311 1689 417 1736 necne.
449 1672 552 1754 Atque
568 1672 705 1753 primum
723 1672 849 1755 quidem
865 1672 1014 1755 puritas
1029 1672 1088 1735 hoc
1103 1671 1194 1734 modo
1209 1670 1357 1734 laudatur
1372 1670 1409 1753 (e.
1423 1670 1471 1753 2):

191 1768 346 1859 καθαράς
368 1772 515 1863 ἐστιτήν
536 1769 722 1863 ἑρμηνείαν,
742 1769 830 1840 πάνυ
853 1774 910 1841 καὶ
931 1778 989 1863 τῆς
1006 1768 1156 1861 Ἀττικῆς
1170 1768 1316 1860 γλώττης
1338 1765 1474 1860 άρισίος

191 1870 308 1951 κανών,
339 1869 378 1942 οὗ
405 1880 464 1964 τῆς
490 1870 639 1966 άρχαίας,
660 1865 685 1966 ἧ
706 1876 862 1966 κέχρηται
887 1873 1032 1942 Πλάτων
1059 1877 1116 1944 καί
1145 1874 1362 1964 Θουκυδίδης,
1387 1870 1473 1941 ἀλλὰ

189 1982 248 2067 τῆς
262 1972 332 2043 κατ’
350 1977 476 2044 ἐκεῖνον
489 1978 547 2045 τὸν
561 1976 681 2066 χρόνον
696 1973 992 2069 ἐπιχωριαζούσης.
1019 1982 1121 2059 Quam
1133 1984 1280 2047 virtutem
1295 1984 1376 2066 quod
1393 1983 1474 2046 infra

192 2090 229 2173 (c.
248 2087 302 2170 13)
318 2089 407 2153 Dion.
423 2109 512 2172 porro
534 2092 667 2175 explicat
685 2092 819 2174 positam
840 2110 907 2155 esse
931 2094 964 2154 in
985 2092 1031 2174 τῷ
1052 2090 1198 2175 καθαρηῖ
1215 2090 1281 2151 τῶν
1303 2080 1474 2169 ὀνομάτων

192 2198 286 2279 atque
309 2195 352 2280 τῇ
375 2185 530 2280 άκριβείη
550 2198 608 2284 τῆς
627 2193 847 2281 διαλέκτοοθ)
875 2218 946 2262 cum
969 2200 1025 2276 ΒΟ,
1054 2198 1106 2263 00.
1135 2198 1204 2261 aliis
1228 2200 1303 2281 puto
1327 2199 1421 2261 verba
1444 2200 1475 2260 ot

192 2302 293 2385 prisca
309 2305 340 2366 et
355 2301 482 2366 insolita
497 2305 604 2387 eisque
620 2306 798 2369 notionibus
815 2308 864 2370 vel
881 2306 1162 2371 constructionibus
1178 2308 1337 2388 usurpata,
1361 2305 1473 2387 quibus

191 2417 268 2474 tuna
289 2410 432 2475 homines
458 2412 552 2476 Attici
576 2433 639 2479 non
665 2415 846 2490 utebantur,
871 2414 999 2496 Lysiam
1029 2413 1171 2477 evitasse.
1199 2412 1348 2475 -Inter
1372 2414 1475 2495 prisca

192 2517 330 2600 primum
356 2519 508 2581 vocabula
534 2519 567 2582 in
597 2539 639 2583 or.
662 2511 748 2604 ὑπὲρ
766 2542 793 2581 τ.
811 2512 1017 2602 στρατιώτου
1041 2520 1149 2583 habita
1176 2520 1234 2584 hoc
1257 2519 1335 2582 mihi
1359 2539 1475 2603 ponen-

194 2625 270 2688 dum
294 2643 361 2689 esse
384 2625 520 2690 ridetur:

406 2723 708 2796 ὑποτοπεῖσθαι
733 2735 764 2820 (5
781 2732 825 2817 4),
851 2735 932 2817 quod
957 2735 1083 2818 quidem
1100 2755 1147 2818 ap.
1164 2735 1236 2800 Her.
1256 2734 1321 2819 (VI,
1339 2736 1396 2805 1ος
1414 2733 1474 2815 IX,

357 2839 441 2924 116),
459 2859 505 2926 ap.
518 2841 675 2924 Aristoph.
692 2842 783 2926 (Ran.
794 2844 868 2918 958,
878 2843 1001 2906 Thesm.
1019 2845 1083 2907 496
1094 2841 1152 2924 B),
1163 2863 1210 2926 ap.
1221 2842 1314 2906 Thuo.
1326 2841 1404 2926 (1,σ.
1416 2843 1473 2906 20:

352 2938 560 3029 ὑποτοπεῖν),
593 2948 631 3011 al.
663 2950 844 3032 reperimus
876 2969 939 3013 non
972 2950 1054 3032 apud
1084 2949 1270 3032 posteriores
1302 2949 1474 3031 scriptores

261 3054 381 3118 Deinde
404 3055 556 3118 inusitata
579 3055 705 3120 notione
728 3056 969 3120 haecadhihita
992 3059 1079 3120 sunt:

409 3155 619 3236 δικαίωσις
649 3162 685 3245 (ξ
711 3160 756 3244 8),
787 3163 869 3245 quod
900 3166 1008 3228 nostro
1035 3164 1111 3238 loco,
1139 3165 1176 3227 ut
1202 3167 1284 3227 recte
1312 3164 1474 3227 Reishium

353 3269 551 3352 interpretari
575 3270 724 3347 existimo,
752 3270 836 3333 idem
865 3270 1019 3352 signifieat
1043 3271 1125 3355 quod
1149 3265 1281 3333 tinctor
1309 3271 1328 3335 i.
1353 3290 1377 3336 e.
1400 3271 1476 3334 t‘tu-

353 3376 420 3439 lum
452 3377 539 3459 iuris,
573 3397 633 3461 quo
666 3397 794 3441 causam
825 3381 913 3441 tuam
944 3378 1149 3460 confirmesi)
1180 3397 1337 3460 nusquam
1369 3382 1475 3443 auteur

354 3486 514 3568 praeterea
536 3484 595 3549 hoc
618 3504 712 3549 sensu
735 3487 922 3570 usurpatum
945 3484 1148 3567 invenitu134)

409 3585 677 3654 συνίστασθαι
710 3591 744 3676 (ᾗ
771 3592 839 3675 15),
864 3592 1041 3676 quodcum
1074 3581 1174 3676 ὀργήν
1203 3593 1380 3656 accusativo
1405 3613 1475 3658 con-

354 3699 496 3762 iunctum
521 3697 721 3763 offensionem
744 3700 918 3782 praehetff)
951 3720 1025 3763 nam
1058 3700 1241 3783 plerumque
1274 3701 1353 3764 tales
1387 3720 1476 3764 acou-

355 3805 460 3870 sativi:
497 3805 647 3888 πρᾶγμα,
682 3799 842 3877 κίνδυνον,
876 3798 1036 3887 πόλεμον,
1068 3797 1192 3887 άγιῦνα,
1222 3799 1338 3892 μάχην,
1373 3805 1476 3869 πολι·
1559 3842 1563 3850 ·

355 3906 472 3996 ορκίαν
495 3913 613 3976 similes
637 3913 734 3976 additi
757 3914 919 3995 leguntur3

408 4014 600 4099 τετάχθαι
630 4022 665 4104 (ξ
690 4018 759 4103 20),
794 4022 876 4104 quod
908 4023 967 4086 hac
998 4023 1138 4086 notione:
1170 4042 1208 4085 »a
1236 4042 1340 4086 rerum
1362 4025 1476 4085 natura

355 4130 400 4193 ita
433 4149 500 4193 esse
534 4130 747 4193 const'tutum⁴
774 4131 805 4191 et
837 4129 1033 4193 ordinatum«
1071 4132 1139 4194 siue
1178 4130 1402 4205 additamento,
1440 4133 1475 4193 ut

358 4228 470 4319 φύσει,
495 4237 629 4300 inveniri
651 4238 734 4300 recte
757 4239 853 4318 negat
877 4235 968 4320 St.;⁶)

197 4347 532 4446 *hof—Dionia.
551 4377 593 4445 V,
612 4396 636 4447 p.
657 4382 708 4432 452
728 4395 784 4447 sqq.
804 4378 843 4432 ed.
863 4378 951 4433 Roisk.

284 4469 306 4537 ²)
324 4467 357 4524 cf.
376 4469 452 4524 Dion.
478 4469 510 4521 de
533 4468 613 4522 Isocr.
636 4485 658 4526 c,
684 4472 710 4534 2,
737 4468 813 4520 Dion.
834 4467 865 4521 dc
883 4467 1017 4520 Demosth.
1043 4484 1065 4520 c.
1085 4471 1110 4533 4,
1135 4465 1187 4520 Cic.
1207 4483 1243 4520 or.
1263 4467 1278 4534 ἕ
1297 4471 1340 4534 29,
1364 4468 1475 4534 Quintil.

194 4558 227 4613 Χ.
248 4563 272 4626 1,
291 4563 334 4614 ra.

286 4656 306 4722 ³)
325 4655 358 4711 cf.
383 4657 509 4727 Harpocr.
536 4675 556 4712 s.
576 4675 599 4711 v.
625 4642 800 4721 δικαίωσις
820 4655 855 4725 (p.
875 4661 899 4722 3,
919 4673 944 4710 n.
966 4655 999 4722 1).

285 4751 306 4815 ⁸)
325 4765 365 4818 ap.
385 4748 467 4803 Thuc.
486 4749 570 4816 (VIII,
596 4753 640 4819 66)
665 4751 770 4804 οο11οοο
788 4749 1017 4815 condemnationis,
1045 4749 1076 4816 (Ι,
1099 4750 1158 4818 141)
1183 4751 1327 4819 petitionis,
1353 4751 1410 4821 (III,
1430 4754 1475 4816 82)

195 4838 325 4909 opinionis
342 4839 473 4893 iudicialis
491 4840 595 4907 legitur.

285 4932 307 4995 ⁶)
325 4927 358 4983 cf.
377 4928 429 4982 Fra
446 4928 474 4996 (l.
494 4928 511 4982 1.
530 4946 555 4997 p.
576 4928 620 4997 70)
639 4931 668 4982 et
685 4928 724 4983 St.
743 4962 763 4995 2,
781 4947 806 4998 p.
826 4933 868 4983 96.

285 5018 342 5086 1)1.
361 5051 381 5084 η,
399 5036 424 5087 p.
446 5019 505 5072 519.
