3330 5542
808 313 1019 375 „20-

272 509 368 583 dicat,
402 508 529 573 secundi
565 510 670 572 autern
701 509 760 574 loci
792 509 877 572 hisee
910 510 1027 573 verbis:
1068 498 1141 571 οὐδ’
1178 504 1248 572 ἐστὶ
1280 502 1413 570 δίκαιον
1445 528 1554 568 -τα

271 605 418 696 όνόματα
442 617 575 699 priorem
600 616 828 697 quodammodo
852 616 984 680 debendi
1002 620 1120 681 statum
1141 617 1297 697 designari
1321 618 1387 698 ipse
1404 614 1553 678 concedit.

272 721 363 800 Quod
387 723 532 802 equidem
555 722 631 787 adeo
654 724 757 806 probo,
786 725 822 785 ut
850 723 945 787 etiam
974 725 1070 789 altero
1097 726 1163 789 looe
1186 720 1223 786 τό
1248 717 1478 809 παραδιδόναι
1497 718 1556 785 τόν

272 823 512 914 προσοφλόντα
545 836 616 906 τοῖς
648 823 836 916 πράκτορσι
859 831 945 911 prius
969 831 1109 895 evenisse
1139 831 1277 906 arbitrer,
1311 849 1407 910 quam
1433 826 1471 893 τό
1508 823 1556 904 εἰς

272 929 459 1023 άκρόπολιν
494 927 720 1023 ἀνενεχθῆναι.
781 936 864 999 Nam
900 938 978 1001 haec
1014 940 1122 1003 verba:
1162 929 1554 1024 διοικησαμένου-ὥστε

272 1036 344 1130 μήτ’
370 1040 496 1107 ἐκτῖσαι
523 1034 596 1129 μήτ’
623 1037 672 1119 είς
697 1036 887 1131 ἀκρόπολιν
910 1038 1128 1133 ἀνενεχθῆναι
1152 1045 1197 1108 ita
1220 1045 1297 1107 mihi
1322 1040 1556 1124 interpretanda

272 1150 417 1214 videntur
440 1167 516 1224 esse,
540 1150 576 1211 ut
598 1149 731 1231 proprie,
754 1151 814 1213 nisi
830 1152 1038 1234 pependisset,
1063 1152 1098 1217 ἐν
1119 1146 1304 1240 ἀκροπόλει
1330 1147 1558 1237 ἐπιγραπτέσν

272 1256 369 1320 fuisse
391 1255 593 1319 Theocrinem
616 1258 732 1338 putem,
757 1276 792 1319 ex
816 1259 860 1321 eis
885 1261 999 1334 autem,
1023 1278 1103 1339 quae
1127 1260 1314 1340 sequuntur,
1342 1258 1470 1327 elucere,
1494 1273 1557 1335 qua

274 1364 311 1427 de
345 1381 440 1427 causa
472 1363 524 1425 ifle
556 1363 712 1444 putaverit
743 1384 805 1428 non
839 1365 898 1429 sibi
931 1366 1064 1429 multam
1097 1366 1336 1451 persolvendam
1364 1383 1447 1438 esse;
1479 1386 1556 1426 σνν-

274 1466 439 1558 εχιόρρσεν
471 1469 554 1532 enim
587 1468 733 1535 Ctesioles
766 1472 795 1535 ei
825 1469 870 1561 μὴ
903 1474 1143 1562 παραδοθῆναι
1179 1479 1250 1550 τοῖς
1283 1467 1470 1560 πράκτορσι
1500 1466 1558 1535 τόν

274 1571 525 1664 προσοφλόντα.
574 1575 676 1653 Quare
709 1597 746 1641 ea
778 1579 816 1642 de
849 1598 951 1656 carisa,
986 1581 1068 1663 quod
1100 1581 1293 1663 praetoribus
1327 1598 1387 1643 non
1421 1578 1555 1642 traditus

274 1687 364 1761 esset,
396 1682 580 1747 Theocrines
614 1685 750 1765 speravit
781 1705 844 1750 non
876 1685 948 1763 sore,
987 1690 1024 1751 ut
1054 1689 1190 1752 multam
1221 1688 1383 1769 negligens
1415 1687 1448 1749 in
1487 1704 1556 1750 aree

273 1791 507 1863 inscriberetur3
536 1789 640 1853 itaut
663 1795 908 1857 consentaneum
933 1796 975 1857 sit
990 1796 1083 1878 ‚prius
1108 1796 1278 1860 debitorem
1301 1795 1333 1856 in
1358 1789 1558 1880 πρακτόρων

275 1919 370 1982 quam
402 1898 435 1961 in
467 1899 598 1979 ταμιῶν
630 1897 753 1962 tabulas
788 1918 855 1963 esse
888 1900 1031 1968 relatum.
1078 1902 1166 1981 Quae
1198 1903 1277 1967 ratio
1311 1920 1405 1984 quarn
1429 1919 1558 1963 causam

273 2006 425 2082 habuerit,
450 2023 485 2068 ex
502 2003 543 2068 Si.
561 2005 718 2068 sententia
740 2025 802 2069 non
827 2007 903 2071 satis
926 2009 1004 2073 mihi
1029 2010 1175 2094 explicari
1203 2009 1334 2074 videtur.
1364 2046 1404 2055 —
1429 2007 1557 2071 Rectius

275 2116 311 2177 ut
335 2113 495 2177 diversum
517 2111 603 2175 hune
626 2112 757 2175 debendi
780 2133 900 2177 morem
923 2115 1144 2198 intelligamus,
1177 2117 1238 2179 ista
1265 2115 1419 2198 imprimis
1442 2115 1558 2179 Andoc.

274 2220 312 2284 de
336 2222 430 2302 myst.
455 2239 496 2284 or.
522 2219 539 2299 ξ
565 2221 605 2281 73
630 2220 725 2283 verba
747 2220 836 2284 nobis
861 2223 935 2284 sunt
957 2223 1165 2306 respicienda:
1189 2217 1315 2288 όπόσοι
1337 2265 1381 2271 -
1396 2218 1561 2303 ἐπιβολὰς

275 2315 391 2411 ὦφλον
422 2365 467 2373 —-
496 2316 628 2394 τούτοις
657 2316 676 2410 ἡ
709 2321 771 2404 μὲν
804 2318 929 2401 ἔκτισις
958 2315 999 2414 ἦν
1031 2323 1089 2391 ἐπὶ
1121 2330 1180 2415 τῆς
1210 2325 1326 2414 ἐνάτης
1347 2321 1558 2411 πρυτανείας.

275 2431 365 2495 Certe
403 2431 461 2495 hoc
489 2429 626 2512 spatium
655 2448 690 2493 eo
723 2431 851 2494 consilio
882 2430 1003 2512 legibus
1038 2435 1265 2515 praescriptum
1294 2435 1370 2513 erat,
1408 2434 1444 2495 ut
1475 2433 1559 2495 intra

275 2539 333 2603 hoe
369 2539 494 2619 tempus
533 2535 574 2613 ei,
617 2536 670 2618 qui
709 2535 856 2624 ἐπιβολῇ
888 2539 1014 2602 multati
1057 2559 1127 2604 eam
1175 2560 1237 2604 non
1282 2540 1455 2616 solverunt,
1496 2558 1558 2603 non

275 2644 457 2728 parimodo
487 2643 640 2708 debitores
672 2644 860 2707 haberentur
893 2647 986 2728 atque
1020 2646 1056 2724 ei,
1091 2648 1144 2730 qui
1178 2648 1314 2730 spatium
1354 2646 1558 2710 const'tutum

275 2750 559 2835 praetermiserunt.
606 2749 726 2828 Quibus
749 2752 884 2815 multam
908 2751 1098 2836 duplicatam
1132 2757 1163 2819 et
1195 2755 1255 2819 hac
1278 2773 1400 2838 quoque
1423 2754 1456 2816 in
1473 2771 1559 2816 aera-

276 2860 358 2922 rium
380 2878 442 2922 non
465 2858 565 2921 relata
587 2858 669 2922 bona
691 2859 849 2940 publicata
882 2878 950 2923 esse
980 2879 1015 2923 ex
1039 2861 1147 2924 eodem
1171 2861 1289 2927 Andoe.
1312 2862 1378 2925 loco
1403 2859 1559 2942 cognosci-

276 2965 384 3049 mus.¹)
428 2965 491 3031 Ubi
514 2966 676 3049 praeterea
698 2966 860 3048 leguntur:
887 2959 918 3027 oi
942 2962 979 3029 δὲ
999 2955 1220 3048 desponsione
1244 2956 1344 3055 poan,-
1365 3015 1373 3030 .
1392 3013 1399 3029 .
1420 3016 1427 3031 .
1450 2959 1482 3028 oi
1499 2963 1560 3046 priv

277 3063 437 3159 άργάρισν
461 3061 655 3154 ὀφείλοντες
686 3072 734 3155 τῷ
766 3065 927 3158 δημοσίῳ,
963 3064 1111 3136 ὁπόσοι
1133 3113 1176 3120 -
1195 3069 1398 3154 ἐπιβολὰς
1422 3061 1560 3156 ὦφλον

277 3205 304 3242 κ.
329 3203 355 3244 τ.
379 3178 408 3244 λ.
455 3176 537 3241 Sane
571 3175 666 3239 etiarn
700 3176 832 3240 durante
865 3176 930 3239 iarn
962 3177 1101 3260 tempore
1123 3179 1312 3262 praescripto
1336 3179 1473 3262 potuisse
1498 3195 1559 3253 eos,

278 3287 332 3370 qui
354 3286 489 3349 multam
512 3282 605 3346 alicui
627 3282 859 3364 imposuissent,
882 3283 964 3346 hanc
988 3284 1170 3366 exigendam
1194 3305 1301 3350 curare
1320 3285 1476 3369 probabile
1502 3285 1559 3362 est⁸

276 3395 386 3476 Neque
411 3391 487 3475 quin
519 3390 723 3471 magistratus
747 3390 910 3454 cuiusdam
936 3393 1056 3475 exigere
1080 3391 1174 3456 luerit
1205 3395 1253 3457 est
1285 3413 1340 3457 our
1371 3392 1558 3456 dubitemus.

276 3503 342 3566 Hos
367 3502 472 3564 autem
496 3497 654 3579 praetores
678 3496 776 3560 luisse
801 3515 836 3562 eo
859 3498 960 3579 magis
982 3499 1060 3561 mihi
1076 3502 1320 3565 consentaneum
1344 3502 1399 3576 est,
1424 3500 1505 3580 quod
1529 3499 1560 3562 et

278 3603 532 3693 ἀπράττεσδαι
556 3605 649 3668 verbo
670 3622 785 3668 nomen
810 3607 996 3688 aeceperunt
1024 3608 1062 3684 et,
1099 3599 1117 3672 ὃ
1152 3611 1200 3693 τῷ
1230 3603 1380 3694 δημοσίῳ
1403 3603 1558 3690 ἐγίγνετο,

276 3722 347 3792 τοῖς
368 3706 575 3802 πράκτορσιν
608 3712 690 3775 tradi
723 3709 878 3794 solebat.²)
925 3712 1008 3791 Quos
1041 3721 1268 3802 γραμματεῖον
1301 3714 1475 3778 debitorum
1508 3713 1562 3776 de-

277 3822 492 3886 nuntiatorum
516 3819 662 3883 habuisse
687 3821 727 3901 et,
751 3819 777 3882 si
801 3820 983 3900 contigisset
1006 3821 1058 3897 eis,
1083 3824 1119 3886 ut
1142 3821 1299 3902 exigerent
1320 3821 1463 3897 multam,
1488 3804 1559 3883 cum

277 3931 389 3994 senatu
412 3946 482 3990 earn
505 3926 656 3990 delevisse
680 3927 829 3990 discimus
853 3929 1013 4010 praeterea
1037 3948 1072 3993 ex
1088 3929 1204 3993 Andoc.
1222 3928 1259 3991 de
1277 3930 1368 4010 myst.
1386 3946 1427 3991 or.
1444 3927 1461 4007 ξ
1480 3923 1559 4007 793)

276 4038 315 4100 Ei
339 4038 453 4110 autem,
478 4033 531 4116 qui
554 4033 637 4097 intra
660 4035 935 4117 praescriptionem
958 4031 1122 4125 ἐπιβολήν
1140 4056 1203 4101 non
1226 4035 1446 4119 persolverant,
1475 4033 1560 4097 debi-

277 4146 359 4208 tores
392 4160 463 4206 vere
486 4143 534 4224 τῷ
556 4138 706 4229 δημοσίω
730 4134 923 4228 ὀφείλοντες
945 4142 1019 4206 facti
1044 4147 1131 4218 sunt;
1167 4143 1274 4227 quales
1307 4144 1335 4205 ei
1363 4139 1559 4222 intelligendi

278 4270 345 4314 esse
361 4250 514 4325 videntur,
539 4267 615 4329 quos
632 4266 726 4331 supra
743 4267 834 4332 saepe
856 4249 938 4332 apud
962 4247 1040 4327 τοὺς
1058 4252 1116 4338 τῆς
1138 4253 1226 4316 θεοῦ
1247 4247 1370 4332 ταμίας
1392 4249 1558 4332 inseriptcs

370 4482 388 4551 ἱ)
407 4497 442 4534 ex
459 4479 552 4533 hisce
570 4478 690 4533 verbis:
711 4463 740 4532 εἰ
761 4466 798 4533 δὲ
819 4462 874 4556 μή,
897 4463 1078 4534 διπλάσιον
1094 4462 1246 4556 όφείλειν
1266 4465 1383 4534 καὶτὰ
1407 4463 1560 4556 κτήματα

279 4565 387 4637 αὐτῶν
409 4575 625 4659 πεπρᾶσθαι.

367 4697 389 4764 ²)
407 4694 441 4750 cf.
461 4694 558 4763 [Dem]
578 4694 687 4748 Macart
716 4695 793 4762 §lt

368 4813 389 4881 ³)
408 4812 453 4864 ubi
471 4811 535 4864 haec
557 4811 681 4879 legimus:
705 4797 745 4863 τά
768 4800 805 4865 δὲ
828 4791 915 4865 dila
937 4795 1047 4866 πάντα
1068 4799 1248 4889 ἐξαλεῖψαι
1264 4799 1343 4877 τοὺς
1365 4795 1560 4890 πράκτορας

279 4902 335 4968 καί
354 4901 412 4991 τὴν
431 4897 564 4991 βουλήν.
585 4946 629 4951 -
