<?xml version="1.0" encoding="UTF-8"?>
<!DOCTYPE html PUBLIC "-//W3C//DTD XHTML 1.0 Transitional//EN"
    "http://www.w3.org/TR/xhtml1/DTD/xhtml1-transitional.dtd">
<html xmlns="http://www.w3.org/1999/xhtml" xml:lang="en" lang="en">
 <head>
  <title>
</title>
<meta http-equiv="Content-Type" content="text/html;charset=utf-8" />
  <meta name='ocr-system' content='tesseract 3.04.00' />
  <meta name='ocr-capabilities' content='ocr_page ocr_carea ocr_par ocr_line ocrx_word'/>
</head>
<body>
  <div class='ocr_page' id='page_1' title='image "./deorationishype00pabsgoog_0035.png"; bbox 0 0 3330 5542; ppageno 0'>
   <div class='ocr_carea' id='block_1_1' title="bbox 730 311 941 372">
    <p class='ocr_par' dir='ltr' id='par_1_1' title="bbox 730 311 941 372">
     <span class='ocr_line' id='line_1_1' title="bbox 730 311 941 372; baseline -0.005 -16"><span class='ocrx_word' id='word_1_1' title='bbox 730 311 941 372; x_wconf 71' lang='lat'>„24-</span> 
     </span>
    </p>
   </div>
   <div class='ocr_carea' id='block_1_2' title="bbox 188 497 1557 4239">
    <p class='ocr_par' dir='ltr' id='par_1_2' title="bbox 188 497 1557 4239">
     <span class='ocr_line' id='line_1_2' title="bbox 188 497 1478 593; baseline -0.002 -23"><span class='ocrx_word' id='word_1_2' title='bbox 188 503 277 589; x_wconf 77' lang='grc' dir='ltr'><em>μένην</em></span> <span class='ocrx_word' id='word_1_3' title='bbox 301 498 383 570; x_wconf 87' lang='grc' dir='ltr'><em>αύτδ</em></span> <span class='ocrx_word' id='word_1_4' title='bbox 409 501 503 591; x_wconf 85' lang='grc' dir='ltr'><em>παρὰ</em></span> <span class='ocrx_word' id='word_1_5' title='bbox 526 506 585 593; x_wconf 83' lang='grc' dir='ltr'>τῆς</span> <span class='ocrx_word' id='word_1_6' title='bbox 606 499 749 580; x_wconf 86' lang='grc' dir='ltr'><em>πόλεως,</em></span> <span class='ocrx_word' id='word_1_7' title='bbox 772 508 827 570; x_wconf 89' lang='lat' dir='ltr'>aut</span> <span class='ocrx_word' id='word_1_8' title='bbox 846 498 927 567; x_wconf 82' lang='grc' dir='ltr'><em>ὅταν</em></span> <span class='ocrx_word' id='word_1_9' title='bbox 946 500 1132 591; x_wconf 83' lang='grc' dir='ltr'><em>δημεύηται</em></span> <span class='ocrx_word' id='word_1_10' title='bbox 1150 497 1192 566; x_wconf 90' lang='grc' dir='ltr'>τό</span> <span class='ocrx_word' id='word_1_11' title='bbox 1211 526 1302 579; x_wconf 89' lang='grc' dir='ltr'><em>τινος</em></span> <span class='ocrx_word' id='word_1_12' title='bbox 1324 501 1412 589; x_wconf 79' lang='grc' dir='ltr'><em>πρὸς</em></span> <span class='ocrx_word' id='word_1_13' title='bbox 1433 500 1478 567; x_wconf 82' lang='grc' dir='ltr'>τὰ</span> 
     </span>
     <span class='ocr_line' id='line_1_3' title="bbox 190 602 1478 701; baseline -0.002 -23"><span class='ocrx_word' id='word_1_14' title='bbox 190 605 386 701; x_wconf 78' lang='grc' dir='ltr'><em>ὀφλήματα,</em></span> <span class='ocrx_word' id='word_1_15' title='bbox 421 602 442 676; x_wconf 77' lang='grc' dir='ltr'><em>δ</em></span> <span class='ocrx_word' id='word_1_16' title='bbox 476 604 609 697; x_wconf 77' lang='grc' dir='ltr'><em>ὀφείλει</em></span> <span class='ocrx_word' id='word_1_17' title='bbox 643 607 691 687; x_wconf 87' lang='grc' dir='ltr'><em>εἰς</em></span> <span class='ocrx_word' id='word_1_18' title='bbox 721 607 759 674; x_wconf 84' lang='grc' dir='ltr'>τὸ</span> <span class='ocrx_word' id='word_1_19' title='bbox 791 604 964 698; x_wconf 87' lang='grc' dir='ltr'><em>δημόσιον.</em></span> <span class='ocrx_word' id='word_1_20' title='bbox 1018 613 1217 697; x_wconf 77' lang='lat' dir='ltr'>Quamquam</span> <span class='ocrx_word' id='word_1_21' title='bbox 1250 615 1384 677; x_wconf 91' lang='lat' dir='ltr'>alterum</span> <span class='ocrx_word' id='word_1_22' title='bbox 1416 615 1478 678; x_wconf 93' lang='lat' dir='ltr'>hoc</span> 
     </span>
     <span class='ocr_line' id='line_1_4' title="bbox 190 713 1478 804; baseline 0.001 -21"><span class='ocrx_word' id='word_1_23' title='bbox 190 713 404 804; x_wconf 80' lang='grc' dir='ltr'><em>α’πογραφιῦν</em></span> <span class='ocrx_word' id='word_1_24' title='bbox 433 742 531 804; x_wconf 89' lang='lat' dir='ltr'>genus</span> <span class='ocrx_word' id='word_1_25' title='bbox 566 721 661 786; x_wconf 90' lang='lat' dir='ltr'>etiam</span> <span class='ocrx_word' id='word_1_26' title='bbox 693 722 834 803; x_wconf 83' lang='lat' dir='ltr'>exempla</span> <span class='ocrx_word' id='word_1_27' title='bbox 865 715 1007 804; x_wconf 86' lang='lat' dir='ltr'>publicae</span> <span class='ocrx_word' id='word_1_28' title='bbox 1030 721 1178 804; x_wconf 88' lang='lat' dir='ltr'>pecuniae</span> <span class='ocrx_word' id='word_1_29' title='bbox 1213 722 1403 804; x_wconf 78' lang='lat' dir='ltr'>interceptae</span> <span class='ocrx_word' id='word_1_30' title='bbox 1426 722 1478 785; x_wconf 86' lang='lat' dir='ltr'>vel</span> 
     </span>
     <span class='ocr_line' id='line_1_5' title="bbox 190 827 1476 913; baseline -0.001 -20"><span class='ocrx_word' id='word_1_31' title='bbox 190 831 354 913; x_wconf 78' lang='lat' dir='ltr'>peculatus</span> <span class='ocrx_word' id='word_1_32' title='bbox 370 830 486 911; x_wconf 84' lang='lat' dir='ltr'>publici</span> <span class='ocrx_word' id='word_1_33' title='bbox 503 827 737 913; x_wconf 72' lang='lat' dir='ltr'>amplectitunl)</span> <span class='ocrx_word' id='word_1_34' title='bbox 763 829 899 911; x_wconf 86' lang='lat' dir='ltr'>plurima</span> <span class='ocrx_word' id='word_1_35' title='bbox 914 829 1029 905; x_wconf 83' lang='lat' dir='ltr'>tamen,</span> <span class='ocrx_word' id='word_1_36' title='bbox 1047 847 1127 910; x_wconf 89' lang='lat' dir='ltr'>quae</span> <span class='ocrx_word' id='word_1_37' title='bbox 1142 830 1204 892; x_wconf 86' lang='lat' dir='ltr'>lruc</span> <span class='ocrx_word' id='word_1_38' title='bbox 1223 829 1376 892; x_wconf 89' lang='lat' dir='ltr'>trahenda</span> <span class='ocrx_word' id='word_1_39' title='bbox 1392 831 1476 905; x_wconf 91' lang='lat' dir='ltr'>sunt,</span> 
     </span>
     <span class='ocr_line' id='line_1_6' title="bbox 191 934 1557 1020; baseline 0 -20"><span class='ocrx_word' id='word_1_40' title='bbox 191 938 333 1020; x_wconf 90' lang='lat' dir='ltr'>spectant</span> <span class='ocrx_word' id='word_1_41' title='bbox 349 937 388 1000; x_wconf 91' lang='lat' dir='ltr'>ad</span> <span class='ocrx_word' id='word_1_42' title='bbox 410 955 461 1001; x_wconf 92' lang='lat' dir='ltr'>aes</span> <span class='ocrx_word' id='word_1_43' title='bbox 479 937 617 1000; x_wconf 91' lang='lat' dir='ltr'>alienum</span> <span class='ocrx_word' id='word_1_44' title='bbox 627 935 745 999; x_wconf 86' lang='lat' dir='ltr'>civitati</span> <span class='ocrx_word' id='word_1_45' title='bbox 768 934 1029 1019; x_wconf 65' lang='lat' dir='ltr'>praestandum)</span> <span class='ocrx_word' id='word_1_46' title='bbox 1059 936 1167 1014; x_wconf 88' lang='lat' dir='ltr'>Qualis</span> <span class='ocrx_word' id='word_1_47' title='bbox 1190 937 1265 1019; x_wconf 92' lang='lat' dir='ltr'>quin</span> <span class='ocrx_word' id='word_1_48' title='bbox 1290 956 1326 1000; x_wconf 90' lang='lat' dir='ltr'>ea</span> <span class='ocrx_word' id='word_1_49' title='bbox 1351 956 1476 1020; x_wconf 91' lang='lat' dir='ltr'>quoque</span> <span class='ocrx_word' id='word_1_50' title='bbox 1550 980 1557 987; x_wconf 84' lang='lat'><em>-</em></span> 
     </span>
     <span class='ocr_line' id='line_1_7' title="bbox 192 1032 1476 1127; baseline 0.002 -22"><span class='ocrx_word' id='word_1_51' title='bbox 192 1032 377 1127; x_wconf 77' lang='grc' dir='ltr'><em>όπογραφή</em></span> <span class='ocrx_word' id='word_1_52' title='bbox 401 1044 450 1120; x_wconf 89' lang='lat' dir='ltr'>sit,</span> <span class='ocrx_word' id='word_1_53' title='bbox 475 1044 512 1107; x_wconf 93' lang='lat' dir='ltr'>de</span> <span class='ocrx_word' id='word_1_54' title='bbox 537 1046 655 1126; x_wconf 90' lang='lat' dir='ltr'>quain</span> <span class='ocrx_word' id='word_1_55' title='bbox 678 1062 761 1107; x_wconf 91' lang='lat' dir='ltr'>nona</span> <span class='ocrx_word' id='word_1_56' title='bbox 785 1044 887 1125; x_wconf 78' lang='lat' dir='ltr'>[hys]</span> <span class='ocrx_word' id='word_1_57' title='bbox 911 1063 952 1107; x_wconf 91' lang='lat' dir='ltr'>or.</span> <span class='ocrx_word' id='word_1_58' title='bbox 978 1042 1091 1125; x_wconf 83' lang='lat' dir='ltr'>agitur,</span> <span class='ocrx_word' id='word_1_59' title='bbox 1119 1044 1254 1107; x_wconf 87' lang='lat' dir='ltr'>dubitari</span> <span class='ocrx_word' id='word_1_60' title='bbox 1278 1064 1340 1108; x_wconf 89' lang='lat' dir='ltr'>non</span> <span class='ocrx_word' id='word_1_61' title='bbox 1364 1046 1476 1127; x_wconf 89' lang='lat' dir='ltr'>potest.</span> 
     </span>
     <span class='ocr_line' id='line_1_8' title="bbox 190 1151 1476 1235; baseline 0.002 -21"><span class='ocrx_word' id='word_1_62' title='bbox 190 1152 273 1214; x_wconf 89' lang='lat' dir='ltr'>Nam</span> <span class='ocrx_word' id='word_1_63' title='bbox 288 1152 435 1228; x_wconf 85' lang='lat' dir='ltr'>veterani,</span> <span class='ocrx_word' id='word_1_64' title='bbox 460 1151 513 1235; x_wconf 91' lang='lat' dir='ltr'>qui</span> <span class='ocrx_word' id='word_1_65' title='bbox 534 1170 573 1215; x_wconf 90' lang='lat' dir='ltr'>ne</span> <span class='ocrx_word' id='word_1_66' title='bbox 593 1151 732 1232; x_wconf 87' lang='lat' dir='ltr'>legitimo</span> <span class='ocrx_word' id='word_1_67' title='bbox 755 1151 880 1231; x_wconf 89' lang='lat' dir='ltr'>quidem</span> <span class='ocrx_word' id='word_1_68' title='bbox 901 1151 1001 1233; x_wconf 88' lang='lat' dir='ltr'>spatio</span> <span class='ocrx_word' id='word_1_69' title='bbox 1021 1151 1241 1235; x_wconf 90' lang='lat' dir='ltr'>praetermisso</span> <span class='ocrx_word' id='word_1_70' title='bbox 1262 1154 1390 1235; x_wconf 89' lang='lat' dir='ltr'>paratus</span> <span class='ocrx_word' id='word_1_71' title='bbox 1407 1172 1476 1216; x_wconf 86' lang='lat' dir='ltr'>esse</span> 
     </span>
     <span class='ocr_line' id='line_1_9' title="bbox 190 1258 1477 1342; baseline 0.001 -21"><span class='ocrx_word' id='word_1_72' title='bbox 190 1259 346 1322; x_wconf 85' lang='lat' dir='ltr'>videretur</span> <span class='ocrx_word' id='word_1_73' title='bbox 362 1258 401 1322; x_wconf 92' lang='lat' dir='ltr'>ad</span> <span class='ocrx_word' id='word_1_74' title='bbox 416 1259 582 1340; x_wconf 90' lang='lat' dir='ltr'>pecuniam</span> <span class='ocrx_word' id='word_1_75' title='bbox 592 1258 797 1341; x_wconf 87' lang='lat' dir='ltr'>pendendam,</span> <span class='ocrx_word' id='word_1_76' title='bbox 813 1258 952 1322; x_wconf 85' lang='lat' dir='ltr'>bonavel</span> <span class='ocrx_word' id='word_1_77' title='bbox 969 1277 1041 1342; x_wconf 87' lang='lat' dir='ltr'>pars</span> <span class='ocrx_word' id='word_1_78' title='bbox 1059 1277 1164 1322; x_wconf 89' lang='lat' dir='ltr'>eorum</span> <span class='ocrx_word' id='word_1_79' title='bbox 1177 1259 1364 1342; x_wconf 87' lang='lat' dir='ltr'>publicanda</span> <span class='ocrx_word' id='word_1_80' title='bbox 1374 1260 1477 1340; x_wconf 91' lang='lat' dir='ltr'>desig-</span> 
     </span>
     <span class='ocr_line' id='line_1_10' title="bbox 191 1365 1478 1448; baseline 0 -19"><span class='ocrx_word' id='word_1_81' title='bbox 191 1368 267 1429; x_wconf 88' lang='lat' dir='ltr'>nata</span> <span class='ocrx_word' id='word_1_82' title='bbox 290 1368 371 1442; x_wconf 90' lang='lat' dir='ltr'>sunt,</span> <span class='ocrx_word' id='word_1_83' title='bbox 396 1386 430 1429; x_wconf 93' lang='lat' dir='ltr'>eo</span> <span class='ocrx_word' id='word_1_84' title='bbox 460 1365 595 1442; x_wconf 89' lang='lat' dir='ltr'>consilio,</span> <span class='ocrx_word' id='word_1_85' title='bbox 623 1368 659 1428; x_wconf 95' lang='lat' dir='ltr'>ut</span> <span class='ocrx_word' id='word_1_86' title='bbox 683 1385 762 1448; x_wconf 88' lang='lat' dir='ltr'>quae</span> <span class='ocrx_word' id='word_1_87' title='bbox 792 1385 828 1428; x_wconf 85' lang='lat' dir='ltr'>ex</span> <span class='ocrx_word' id='word_1_88' title='bbox 856 1368 1073 1429; x_wconf 83' lang='lat' dir='ltr'>accusatorum</span> <span class='ocrx_word' id='word_1_89' title='bbox 1102 1367 1258 1430; x_wconf 90' lang='lat' dir='ltr'>sententia</span> <span class='ocrx_word' id='word_1_90' title='bbox 1290 1367 1478 1430; x_wconf 82' lang='lat' dir='ltr'>deberentur</span> 
     </span>
     <span class='ocr_line' id='line_1_11' title="bbox 191 1461 1476 1557; baseline 0 -21"><span class='ocrx_word' id='word_1_91' title='bbox 191 1473 307 1537; x_wconf 90' lang='lat' dir='ltr'>aerario</span> <span class='ocrx_word' id='word_1_92' title='bbox 328 1473 451 1557; x_wconf 89' lang='lat' dir='ltr'>publico</span> <span class='ocrx_word' id='word_1_93' title='bbox 472 1475 754 1554; x_wconf 89' lang='lat' dir='ltr'>compensarentur.</span> <span class='ocrx_word' id='word_1_94' title='bbox 777 1511 818 1518; x_wconf 94' lang='lat'>—</span> <span class='ocrx_word' id='word_1_95' title='bbox 837 1473 941 1551; x_wconf 89' lang='lat' dir='ltr'>Quam</span> <span class='ocrx_word' id='word_1_96' title='bbox 961 1461 1164 1557; x_wconf 79' lang='grc' dir='ltr'><em>ἀπογραφήν</em></span> <span class='ocrx_word' id='word_1_97' title='bbox 1184 1472 1298 1536; x_wconf 91' lang='lat' dir='ltr'>iniuria</span> <span class='ocrx_word' id='word_1_98' title='bbox 1314 1475 1421 1537; x_wconf 87' lang='lat' dir='ltr'>contra</span> <span class='ocrx_word' id='word_1_99' title='bbox 1442 1493 1476 1536; x_wconf 88' lang='lat' dir='ltr'>se</span> 
     </span>
     <span class='ocr_line' id='line_1_12' title="bbox 191 1579 1476 1644; baseline 0 0"><span class='ocrx_word' id='word_1_100' title='bbox 191 1582 347 1644; x_wconf 87' lang='lat' dir='ltr'>intentam</span> <span class='ocrx_word' id='word_1_101' title='bbox 369 1599 436 1644; x_wconf 88' lang='lat' dir='ltr'>esse</span> <span class='ocrx_word' id='word_1_102' title='bbox 457 1581 548 1644; x_wconf 88' lang='lat' dir='ltr'>miles</span> <span class='ocrx_word' id='word_1_103' title='bbox 571 1580 841 1644; x_wconf 86' lang='lat' dir='ltr'>demonstraturus</span> <span class='ocrx_word' id='word_1_104' title='bbox 862 1580 958 1643; x_wconf 91' lang='lat' dir='ltr'>etiam</span> <span class='ocrx_word' id='word_1_105' title='bbox 979 1580 1016 1642; x_wconf 92' lang='lat' dir='ltr'>de</span> <span class='ocrx_word' id='word_1_106' title='bbox 1037 1579 1174 1642; x_wconf 91' lang='lat' dir='ltr'>moribus</span> <span class='ocrx_word' id='word_1_107' title='bbox 1197 1599 1229 1643; x_wconf 87' lang='lat' dir='ltr'>se</span> <span class='ocrx_word' id='word_1_108' title='bbox 1249 1582 1389 1644; x_wconf 90' lang='lat' dir='ltr'>coactum</span> <span class='ocrx_word' id='word_1_109' title='bbox 1407 1600 1476 1644; x_wconf 90' lang='lat' dir='ltr'>esse</span> 
     </span>
     <span class='ocr_line' id='line_1_13' title="bbox 192 1686 1476 1771; baseline 0 -19"><span class='ocrx_word' id='word_1_110' title='bbox 192 1709 259 1753; x_wconf 89' lang='lat' dir='ltr'>sese</span> <span class='ocrx_word' id='word_1_111' title='bbox 283 1688 446 1752; x_wconf 84' lang='lat' dir='ltr'>defendere</span> <span class='ocrx_word' id='word_1_112' title='bbox 474 1688 507 1750; x_wconf 91' lang='lat' dir='ltr'>in</span> <span class='ocrx_word' id='word_1_113' title='bbox 523 1688 679 1771; x_wconf 91' lang='lat' dir='ltr'>prooemio</span> <span class='ocrx_word' id='word_1_114' title='bbox 697 1688 826 1770; x_wconf 88' lang='lat' dir='ltr'>exponit.</span> <span class='ocrx_word' id='word_1_115' title='bbox 862 1687 946 1765; x_wconf 88' lang='lat' dir='ltr'>Quos</span> <span class='ocrx_word' id='word_1_116' title='bbox 963 1686 1121 1750; x_wconf 89' lang='lat' dir='ltr'>incusatos</span> <span class='ocrx_word' id='word_1_117' title='bbox 1138 1706 1205 1751; x_wconf 91' lang='lat' dir='ltr'>esse</span> <span class='ocrx_word' id='word_1_118' title='bbox 1223 1689 1262 1751; x_wconf 88' lang='lat' dir='ltr'>ab</span> <span class='ocrx_word' id='word_1_119' title='bbox 1279 1688 1476 1753; x_wconf 79' lang='lat' dir='ltr'>adversariis,</span> 
     </span>
     <span class='ocr_line' id='line_1_14' title="bbox 193 1794 1478 1878; baseline 0 -20"><span class='ocrx_word' id='word_1_120' title='bbox 193 1796 296 1875; x_wconf 81' lang='lat' dir='ltr'>Quare</span> <span class='ocrx_word' id='word_1_121' title='bbox 313 1814 365 1858; x_wconf 91' lang='lat' dir='ltr'>eos</span> <span class='ocrx_word' id='word_1_122' title='bbox 382 1795 465 1878; x_wconf 90' lang='lat' dir='ltr'>apud</span> <span class='ocrx_word' id='word_1_123' title='bbox 481 1795 599 1858; x_wconf 85' lang='lat' dir='ltr'>iudices</span> <span class='ocrx_word' id='word_1_124' title='bbox 616 1797 687 1857; x_wconf 90' lang='lat' dir='ltr'>ante</span> <span class='ocrx_word' id='word_1_125' title='bbox 704 1796 886 1858; x_wconf 86' lang='lat' dir='ltr'>veteranum</span> <span class='ocrx_word' id='word_1_126' title='bbox 907 1794 1027 1857; x_wconf 89' lang='lat' dir='ltr'>locutos</span> <span class='ocrx_word' id='word_1_127' title='bbox 1049 1812 1116 1856; x_wconf 89' lang='lat' dir='ltr'>esse</span> <span class='ocrx_word' id='word_1_128' title='bbox 1133 1795 1253 1857; x_wconf 87' lang='lat' dir='ltr'>certum</span> <span class='ocrx_word' id='word_1_129' title='bbox 1273 1795 1358 1877; x_wconf 60' lang='lat' dir='ltr'>este)</span> <span class='ocrx_word' id='word_1_130' title='bbox 1379 1797 1424 1859; x_wconf 89' lang='lat' dir='ltr'>ita</span> <span class='ocrx_word' id='word_1_131' title='bbox 1441 1798 1478 1858; x_wconf 94' lang='lat' dir='ltr'>ut</span> 
     </span>
     <span class='ocr_line' id='line_1_15' title="bbox 192 1900 1476 1986; baseline -0.001 -19"><span class='ocrx_word' id='word_1_132' title='bbox 192 1905 281 1979; x_wconf 87' lang='lat' dir='ltr'>hanc,</span> <span class='ocrx_word' id='word_1_133' title='bbox 298 1904 335 1967; x_wconf 91' lang='lat' dir='ltr'>de</span> <span class='ocrx_word' id='word_1_134' title='bbox 353 1922 415 1986; x_wconf 91' lang='lat' dir='ltr'>qua</span> <span class='ocrx_word' id='word_1_135' title='bbox 431 1903 561 1984; x_wconf 82' lang='lat' dir='ltr'>agimus,</span> <span class='ocrx_word' id='word_1_136' title='bbox 583 1904 681 1966; x_wconf 90' lang='lat' dir='ltr'>talem</span> <span class='ocrx_word' id='word_1_137' title='bbox 698 1902 869 1967; x_wconf 87' lang='lat' dir='ltr'>orationem</span> <span class='ocrx_word' id='word_1_138' title='bbox 886 1900 1112 1964; x_wconf 74' lang='lat' dir='ltr'>accusatoriam</span> <span class='ocrx_word' id='word_1_139' title='bbox 1133 1902 1339 1984; x_wconf 88' lang='lat' dir='ltr'>praecessisse</span> <span class='ocrx_word' id='word_1_140' title='bbox 1358 1905 1476 1985; x_wconf 89' lang='lat' dir='ltr'>putem,</span> 
     </span>
     <span class='ocr_line' id='line_1_16' title="bbox 199 2005 1480 2094; baseline -0.001 -21"><span class='ocrx_word' id='word_1_141' title='bbox 199 2012 324 2094; x_wconf 87' lang='lat' dir='ltr'>qualem</span> <span class='ocrx_word' id='word_1_142' title='bbox 340 2029 408 2074; x_wconf 90' lang='lat' dir='ltr'>esse</span> <span class='ocrx_word' id='word_1_143' title='bbox 424 2009 534 2093; x_wconf 85' lang='lat' dir='ltr'>Lysiae</span> <span class='ocrx_word' id='word_1_144' title='bbox 559 2012 665 2075; x_wconf 92' lang='lat' dir='ltr'>contra</span> <span class='ocrx_word' id='word_1_145' title='bbox 687 2009 896 2073; x_wconf 89' lang='lat' dir='ltr'>Philocratem</span> <span class='ocrx_word' id='word_1_146' title='bbox 919 2005 1057 2092; x_wconf 86' lang='lat' dir='ltr'><strong>(XXIV.)</strong></span> <span class='ocrx_word' id='word_1_147' title='bbox 1082 2009 1113 2071; x_wconf 91' lang='lat' dir='ltr'>et</span> <span class='ocrx_word' id='word_1_148' title='bbox 1136 2008 1255 2090; x_wconf 83' lang='lat' dir='ltr'>[Dem]</span> <span class='ocrx_word' id='word_1_149' title='bbox 1272 2029 1296 2074; x_wconf 90' lang='lat' dir='ltr'>c.</span> <span class='ocrx_word' id='word_1_150' title='bbox 1319 2009 1480 2074; x_wconf 88' lang='lat' dir='ltr'>Nicostra-</span> 
     </span>
     <span class='ocr_line' id='line_1_17' title="bbox 194 2115 1477 2200; baseline -0.001 -19"><span class='ocrx_word' id='word_1_151' title='bbox 194 2120 263 2181; x_wconf 92' lang='lat' dir='ltr'>tum</span> <span class='ocrx_word' id='word_1_152' title='bbox 287 2117 427 2181; x_wconf 90' lang='lat' dir='ltr'>habitam</span> <span class='ocrx_word' id='word_1_153' title='bbox 451 2118 587 2200; x_wconf 89' lang='lat' dir='ltr'>apparet.</span> <span class='ocrx_word' id='word_1_154' title='bbox 633 2115 795 2179; x_wconf 82' lang='lat' dir='ltr'>Eiusmodi</span> <span class='ocrx_word' id='word_1_155' title='bbox 824 2117 930 2179; x_wconf 87' lang='lat' dir='ltr'>autem</span> <span class='ocrx_word' id='word_1_156' title='bbox 953 2115 1118 2197; x_wconf 86' lang='lat' dir='ltr'>orationes,</span> <span class='ocrx_word' id='word_1_157' title='bbox 1147 2115 1259 2196; x_wconf 87' lang='lat' dir='ltr'>quibus</span> <span class='ocrx_word' id='word_1_158' title='bbox 1282 2116 1359 2179; x_wconf 90' lang='lat' dir='ltr'>item</span> <span class='ocrx_word' id='word_1_159' title='bbox 1383 2119 1477 2198; x_wconf 89' lang='lat' dir='ltr'>atque</span> 
     </span>
     <span class='ocr_line' id='line_1_18' title="bbox 194 2211 1477 2307; baseline 0.001 -19"><span class='ocrx_word' id='word_1_160' title='bbox 194 2226 253 2288; x_wconf 90' lang='lat' dir='ltr'>hac</span> <span class='ocrx_word' id='word_1_161' title='bbox 268 2223 407 2287; x_wconf 90' lang='lat' dir='ltr'>defendit</span> <span class='ocrx_word' id='word_1_162' title='bbox 425 2243 492 2288; x_wconf 87' lang='lat' dir='ltr'>sese</span> <span class='ocrx_word' id='word_1_163' title='bbox 512 2224 693 2305; x_wconf 85' lang='lat' dir='ltr'>designatus</span> <span class='ocrx_word' id='word_1_164' title='bbox 710 2225 817 2288; x_wconf 89' lang='lat' dir='ltr'>contra</span> <span class='ocrx_word' id='word_1_165' title='bbox 840 2211 1055 2307; x_wconf 74' lang='grc' dir='ltr'><em>ἀπογραφήν,</em></span> <span class='ocrx_word' id='word_1_166' title='bbox 1077 2224 1136 2287; x_wconf 91' lang='lat' dir='ltr'>hae</span> <span class='ocrx_word' id='word_1_167' title='bbox 1153 2226 1240 2287; x_wconf 88' lang='lat' dir='ltr'>sunt:</span> <span class='ocrx_word' id='word_1_168' title='bbox 1261 2223 1331 2306; x_wconf 86' lang='lat' dir='ltr'>Lys.</span> <span class='ocrx_word' id='word_1_169' title='bbox 1347 2224 1477 2289; x_wconf 73' lang='lat' dir='ltr'>xlm:</span> 
     </span>
     <span class='ocr_line' id='line_1_19' title="bbox 194 2320 1478 2415; baseline 0.002 -23"><span class='ocrx_word' id='word_1_170' title='bbox 194 2327 273 2414; x_wconf 83' lang='grc' dir='ltr'><em>περὶ</em></span> <span class='ocrx_word' id='word_1_171' title='bbox 293 2322 484 2415; x_wconf 75' lang='grc' dir='ltr'><em>δημεύσεως</em></span> <span class='ocrx_word' id='word_1_172' title='bbox 502 2330 568 2391; x_wconf 79' lang='grc' dir='ltr'>τῶν</span> <span class='ocrx_word' id='word_1_173' title='bbox 586 2330 647 2393; x_wconf 81' lang='grc' dir='ltr'>τοῦ</span> <span class='ocrx_word' id='word_1_174' title='bbox 668 2325 792 2392; x_wconf 79' lang='grc' dir='ltr'><strong><em>Νικίου</em></strong></span> <span class='ocrx_word' id='word_1_175' title='bbox 814 2321 976 2411; x_wconf 79' lang='grc' dir='ltr'><em>ἀδελφοῦ,</em></span> <span class='ocrx_word' id='word_1_176' title='bbox 1000 2328 1105 2395; x_wconf 85' lang='grc' dir='ltr'><strong>ΧΙΧ.;</strong></span> <span class='ocrx_word' id='word_1_177' title='bbox 1130 2321 1216 2413; x_wconf 77' lang='grc' dir='ltr'><em>ὑπὲρ</em></span> <span class='ocrx_word' id='word_1_178' title='bbox 1238 2330 1304 2391; x_wconf 76' lang='grc' dir='ltr'>τῶν</span> <span class='ocrx_word' id='word_1_179' title='bbox 1324 2320 1478 2414; x_wconf 78' lang='grc' dir='ltr'><em>Ἀριστο-</em></span> 
     </span>
     <span class='ocr_line' id='line_1_20' title="bbox 194 2427 1478 2522; baseline 0.003 -24"><span class='ocrx_word' id='word_1_180' title='bbox 194 2428 323 2520; x_wconf 80' lang='grc' dir='ltr'><em>φόνους</em></span> <span class='ocrx_word' id='word_1_181' title='bbox 340 2429 526 2521; x_wconf 84' lang='grc' dir='ltr'><em>χρημάτων,</em></span> <span class='ocrx_word' id='word_1_182' title='bbox 549 2437 647 2502; x_wconf 83' lang='grc' dir='ltr'><strong>ΧΧΙ.;</strong></span> <span class='ocrx_word' id='word_1_183' title='bbox 671 2427 841 2518; x_wconf 73' lang='grc' dir='ltr'><em>ἀπολογία</em></span> <span class='ocrx_word' id='word_1_184' title='bbox 864 2432 1114 2522; x_wconf 69' lang='grc' dir='ltr'><em>δισροδοκίας.4)</em></span> <span class='ocrx_word' id='word_1_185' title='bbox 1160 2437 1262 2516; x_wconf 80' lang='lat' dir='ltr'>Quare</span> <span class='ocrx_word' id='word_1_186' title='bbox 1292 2439 1372 2520; x_wconf 88' lang='lat' dir='ltr'>quod</span> <span class='ocrx_word' id='word_1_187' title='bbox 1395 2458 1478 2503; x_wconf 89' lang='lat' dir='ltr'>noua</span> 
     </span>
     <span class='ocr_line' id='line_1_21' title="bbox 196 2534 1478 2628; baseline 0.001 -21"><span class='ocrx_word' id='word_1_188' title='bbox 196 2564 318 2628; x_wconf 91' lang='lat' dir='ltr'>quoque</span> <span class='ocrx_word' id='word_1_189' title='bbox 342 2545 439 2609; x_wconf 89' lang='lat' dir='ltr'>oratio</span> <span class='ocrx_word' id='word_1_190' title='bbox 463 2547 593 2609; x_wconf 89' lang='lat' dir='ltr'>contra</span> <span class='ocrx_word' id='word_1_191' title='bbox 616 2534 820 2628; x_wconf 74' lang='grc' dir='ltr'><em>ἀπογραφήν</em></span> <span class='ocrx_word' id='word_1_192' title='bbox 840 2545 948 2608; x_wconf 89' lang='lat' dir='ltr'>habita</span> <span class='ocrx_word' id='word_1_193' title='bbox 972 2545 1013 2608; x_wconf 91' lang='lat' dir='ltr'>sit</span> <span class='ocrx_word' id='word_1_194' title='bbox 1036 2548 1067 2609; x_wconf 92' lang='lat' dir='ltr'>et</span> <span class='ocrx_word' id='word_1_195' title='bbox 1090 2547 1196 2623; x_wconf 89' lang='lat' dir='ltr'>altera,</span> <span class='ocrx_word' id='word_1_196' title='bbox 1222 2564 1301 2628; x_wconf 86' lang='lat' dir='ltr'>quae</span> <span class='ocrx_word' id='word_1_197' title='bbox 1322 2566 1478 2610; x_wconf 89' lang='lat' dir='ltr'>commen-</span> 
     </span>
     <span class='ocr_line' id='line_1_22' title="bbox 195 2651 1475 2736; baseline 0.002 -20"><span class='ocrx_word' id='word_1_198' title='bbox 195 2653 315 2716; x_wconf 88' lang='lat' dir='ltr'>daverit</span> <span class='ocrx_word' id='word_1_199' title='bbox 330 2653 412 2716; x_wconf 92' lang='lat' dir='ltr'>hanc</span> <span class='ocrx_word' id='word_1_200' title='bbox 427 2652 589 2728; x_wconf 89' lang='lat' dir='ltr'>iudicibus,</span> <span class='ocrx_word' id='word_1_201' title='bbox 614 2654 795 2733; x_wconf 88' lang='lat' dir='ltr'>antegressa</span> <span class='ocrx_word' id='word_1_202' title='bbox 811 2653 955 2716; x_wconf 82' lang='lat' dir='ltr'>videatur</span> <span class='ocrx_word' id='word_1_203' title='bbox 978 2673 1054 2729; x_wconf 88' lang='lat' dir='ltr'>esse,</span> <span class='ocrx_word' id='word_1_204' title='bbox 1077 2653 1123 2716; x_wconf 93' lang='lat' dir='ltr'>nil</span> <span class='ocrx_word' id='word_1_205' title='bbox 1138 2654 1267 2736; x_wconf 88' lang='lat' dir='ltr'>praebet</span> <span class='ocrx_word' id='word_1_206' title='bbox 1290 2651 1475 2718; x_wconf 86' lang='lat' dir='ltr'>offensionis.</span> 
     </span>
     <span class='ocr_line' id='line_1_23' title="bbox 197 2747 1476 2844; baseline 0.002 -22"><span class='ocrx_word' id='word_1_207' title='bbox 197 2797 237 2805; x_wconf 75' lang='lat'>—-</span> <span class='ocrx_word' id='word_1_208' title='bbox 261 2759 363 2822; x_wconf 86' lang='lat' dir='ltr'>Tertio</span> <span class='ocrx_word' id='word_1_209' title='bbox 386 2759 451 2822; x_wconf 90' lang='lat' dir='ltr'>loco</span> <span class='ocrx_word' id='word_1_210' title='bbox 477 2759 530 2841; x_wconf 89' lang='lat' dir='ltr'>qui</span> <span class='ocrx_word' id='word_1_211' title='bbox 554 2747 758 2844; x_wconf 76' lang='grc' dir='ltr'><em>ἀπογραφήν</em></span> <span class='ocrx_word' id='word_1_212' title='bbox 778 2758 810 2822; x_wconf 91' lang='lat' dir='ltr'>in</span> <span class='ocrx_word' id='word_1_213' title='bbox 835 2760 1029 2841; x_wconf 85' lang='lat' dir='ltr'>Polyaenum</span> <span class='ocrx_word' id='word_1_214' title='bbox 1054 2758 1236 2823; x_wconf 83' lang='lat' dir='ltr'>instruxerit</span> <span class='ocrx_word' id='word_1_215' title='bbox 1256 2761 1476 2825; x_wconf 84' lang='lat' dir='ltr'>examinemus.</span> 
     </span>
     <span class='ocr_line' id='line_1_24' title="bbox 195 2855 1479 2951; baseline -0.004 -20"><span class='ocrx_word' id='word_1_216' title='bbox 195 2867 372 2950; x_wconf 89' lang='lat' dir='ltr'>Unicuique</span> <span class='ocrx_word' id='word_1_217' title='bbox 389 2867 481 2943; x_wconf 89' lang='lat' dir='ltr'>enirn,</span> <span class='ocrx_word' id='word_1_218' title='bbox 499 2867 552 2950; x_wconf 89' lang='lat' dir='ltr'>qui</span> <span class='ocrx_word' id='word_1_219' title='bbox 569 2867 705 2930; x_wconf 87' lang='lat' dir='ltr'>actiones</span> <span class='ocrx_word' id='word_1_220' title='bbox 715 2867 856 2950; x_wconf 89' lang='lat' dir='ltr'>publicas</span> <span class='ocrx_word' id='word_1_221' title='bbox 872 2868 1034 2931; x_wconf 91' lang='lat' dir='ltr'>instituere</span> <span class='ocrx_word' id='word_1_222' title='bbox 1044 2868 1153 2950; x_wconf 77' lang='lat' dir='ltr'>potuit,</span> <span class='ocrx_word' id='word_1_223' title='bbox 1170 2867 1265 2930; x_wconf 87' lang='lat' dir='ltr'>etiam</span> <span class='ocrx_word' id='word_1_224' title='bbox 1276 2855 1479 2951; x_wconf 66' lang='grc' dir='ltr'><em>ἀπογραφήν</em></span> 
     </span>
     <span class='ocr_line' id='line_1_25' title="bbox 195 2974 1477 3057; baseline -0.001 -20"><span class='ocrx_word' id='word_1_225' title='bbox 195 2974 355 3038; x_wconf 87' lang='lat' dir='ltr'>intendere</span> <span class='ocrx_word' id='word_1_226' title='bbox 378 2974 474 3039; x_wconf 90' lang='lat' dir='ltr'>licuit.</span> <span class='ocrx_word' id='word_1_227' title='bbox 507 2974 609 3053; x_wconf 88' lang='lat' dir='ltr'>Quare</span> <span class='ocrx_word' id='word_1_228' title='bbox 633 2994 705 3038; x_wconf 90' lang='lat' dir='ltr'>cum</span> <span class='ocrx_word' id='word_1_229' title='bbox 728 2994 783 3057; x_wconf 87' lang='lat' dir='ltr'>per</span> <span class='ocrx_word' id='word_1_230' title='bbox 806 2994 839 3038; x_wconf 91' lang='lat' dir='ltr'>se</span> <span class='ocrx_word' id='word_1_231' title='bbox 855 2975 1116 3038; x_wconf 86' lang='lat' dir='ltr'>verisimillimum</span> <span class='ocrx_word' id='word_1_232' title='bbox 1141 2975 1182 3038; x_wconf 93' lang='lat' dir='ltr'>sit</span> <span class='ocrx_word' id='word_1_233' title='bbox 1198 2995 1278 3051; x_wconf 90' lang='lat' dir='ltr'>eum,</span> <span class='ocrx_word' id='word_1_234' title='bbox 1303 2974 1357 3056; x_wconf 91' lang='lat' dir='ltr'>qui</span> <span class='ocrx_word' id='word_1_235' title='bbox 1379 2993 1477 3057; x_wconf 91' lang='lat' dir='ltr'>poena</span> 
     </span>
     <span class='ocr_line' id='line_1_26' title="bbox 194 3071 1479 3165; baseline 0 -20"><span class='ocrx_word' id='word_1_236' title='bbox 194 3081 374 3165; x_wconf 89' lang='lat' dir='ltr'>pecuniaria</span> <span class='ocrx_word' id='word_1_237' title='bbox 395 3081 531 3164; x_wconf 89' lang='lat' dir='ltr'>aliquem</span> <span class='ocrx_word' id='word_1_238' title='bbox 548 3081 709 3157; x_wconf 85' lang='lat' dir='ltr'>affecisset,</span> <span class='ocrx_word' id='word_1_239' title='bbox 733 3071 938 3164; x_wconf 80' lang='grc' dir='ltr'><em>ἀπογραφῆς</em></span> <span class='ocrx_word' id='word_1_240' title='bbox 959 3101 1089 3165; x_wconf 88' lang='lat' dir='ltr'>quoque,</span> <span class='ocrx_word' id='word_1_241' title='bbox 1106 3082 1161 3145; x_wconf 90' lang='lat' dir='ltr'>illa</span> <span class='ocrx_word' id='word_1_242' title='bbox 1176 3103 1239 3146; x_wconf 94' lang='lat' dir='ltr'>non</span> <span class='ocrx_word' id='word_1_243' title='bbox 1255 3083 1365 3157; x_wconf 88' lang='lat' dir='ltr'>soluta,</span> <span class='ocrx_word' id='word_1_244' title='bbox 1381 3082 1479 3145; x_wconf 86' lang='lat' dir='ltr'>fuisse</span> 
     </span>
     <span class='ocr_line' id='line_1_27' title="bbox 198 3189 1481 3272; baseline -0.002 -18"><span class='ocrx_word' id='word_1_245' title='bbox 198 3192 356 3254; x_wconf 88' lang='lat' dir='ltr'>auctorem</span> <span class='ocrx_word' id='word_1_246' title='bbox 380 3189 585 3269; x_wconf 86' lang='lat' dir='ltr'>eundemque,</span> <span class='ocrx_word' id='word_1_247' title='bbox 618 3190 671 3270; x_wconf 93' lang='lat' dir='ltr'>qui</span> <span class='ocrx_word' id='word_1_248' title='bbox 704 3191 785 3253; x_wconf 90' lang='lat' dir='ltr'>bona</span> <span class='ocrx_word' id='word_1_249' title='bbox 820 3189 952 3252; x_wconf 89' lang='lat' dir='ltr'>alicuius</span> <span class='ocrx_word' id='word_1_250' title='bbox 975 3189 1163 3272; x_wconf 87' lang='lat' dir='ltr'>publicanda</span> <span class='ocrx_word' id='word_1_251' title='bbox 1186 3190 1357 3265; x_wconf 88' lang='lat' dir='ltr'>detulisset,</span> <span class='ocrx_word' id='word_1_252' title='bbox 1391 3208 1481 3252; x_wconf 91' lang='lat' dir='ltr'>accu-</span> 
     </span>
     <span class='ocr_line' id='line_1_28' title="bbox 198 3293 1479 3379; baseline -0.002 -19"><span class='ocrx_word' id='word_1_253' title='bbox 198 3296 345 3361; x_wconf 89' lang='lat' dir='ltr'>satoriam</span> <span class='ocrx_word' id='word_1_254' title='bbox 368 3295 515 3360; x_wconf 89' lang='lat' dir='ltr'>habuisse</span> <span class='ocrx_word' id='word_1_255' title='bbox 540 3297 710 3360; x_wconf 87' lang='lat' dir='ltr'>orationem</span> <span class='ocrx_word' id='word_1_256' title='bbox 734 3297 884 3379; x_wconf 85' lang='lat' dir='ltr'>appareat</span> <span class='ocrx_word' id='word_1_257' title='bbox 907 3314 942 3359; x_wconf 82' lang='lat' dir='ltr'>ex</span> <span class='ocrx_word' id='word_1_258' title='bbox 959 3293 1028 3378; x_wconf 90' lang='lat' dir='ltr'>Lys.</span> <span class='ocrx_word' id='word_1_259' title='bbox 1046 3317 1089 3361; x_wconf 92' lang='lat' dir='ltr'>or.</span> <span class='ocrx_word' id='word_1_260' title='bbox 1105 3318 1128 3360; x_wconf 91' lang='lat' dir='ltr'>c.</span> <span class='ocrx_word' id='word_1_261' title='bbox 1160 3297 1291 3362; x_wconf 89' lang='lat' dir='ltr'>Philocr.</span> <span class='ocrx_word' id='word_1_262' title='bbox 1312 3299 1343 3360; x_wconf 91' lang='lat' dir='ltr'>et</span> <span class='ocrx_word' id='word_1_263' title='bbox 1359 3296 1479 3377; x_wconf 83' lang='lat' dir='ltr'>[Dein]</span> 
     </span>
     <span class='ocr_line' id='line_1_29' title="bbox 197 3385 1480 3488; baseline -0.001 -20"><span class='ocrx_word' id='word_1_264' title='bbox 197 3385 227 3468; x_wconf 34' lang='lat' dir='ltr'>c.&#39;</span> <span class='ocrx_word' id='word_1_265' title='bbox 244 3404 376 3467; x_wconf 89' lang='lat' dir='ltr'>Nicostr.</span> <span class='ocrx_word' id='word_1_266' title='bbox 399 3403 518 3485; x_wconf 86' lang='lat' dir='ltr'>habita,</span> <span class='ocrx_word' id='word_1_267' title='bbox 541 3406 648 3467; x_wconf 91' lang='lat' dir='ltr'>nostra</span> <span class='ocrx_word' id='word_1_268' title='bbox 670 3404 703 3466; x_wconf 90' lang='lat' dir='ltr'>in</span> <span class='ocrx_word' id='word_1_269' title='bbox 728 3422 822 3466; x_wconf 88' lang='lat' dir='ltr'>causa</span> <span class='ocrx_word' id='word_1_270' title='bbox 846 3404 998 3484; x_wconf 87' lang='lat' dir='ltr'>strategos</span> <span class='ocrx_word' id='word_1_271' title='bbox 1027 3406 1059 3466; x_wconf 92' lang='lat' dir='ltr'>et</span> <span class='ocrx_word' id='word_1_272' title='bbox 1081 3393 1284 3488; x_wconf 75' lang='grc' dir='ltr'><em>ἀπογραφήν</em></span> <span class='ocrx_word' id='word_1_273' title='bbox 1304 3403 1480 3467; x_wconf 89' lang='lat' dir='ltr'>instituisse</span> 
     </span>
     <span class='ocr_line' id='line_1_30' title="bbox 198 3510 1480 3594; baseline -0.002 -19"><span class='ocrx_word' id='word_1_274' title='bbox 198 3512 344 3575; x_wconf 85' lang='lat' dir='ltr'>adversus</span> <span class='ocrx_word' id='word_1_275' title='bbox 368 3511 501 3574; x_wconf 87' lang='lat' dir='ltr'>militem</span> <span class='ocrx_word' id='word_1_276' title='bbox 525 3512 557 3573; x_wconf 92' lang='lat' dir='ltr'>et</span> <span class='ocrx_word' id='word_1_277' title='bbox 579 3513 762 3575; x_wconf 85' lang='lat' dir='ltr'>accusantes</span> <span class='ocrx_word' id='word_1_278' title='bbox 787 3529 859 3573; x_wconf 90' lang='lat' dir='ltr'>eum</span> <span class='ocrx_word' id='word_1_279' title='bbox 887 3511 971 3593; x_wconf 91' lang='lat' dir='ltr'>apud</span> <span class='ocrx_word' id='word_1_280' title='bbox 994 3511 1111 3576; x_wconf 89' lang='lat' dir='ltr'>iudices</span> <span class='ocrx_word' id='word_1_281' title='bbox 1138 3512 1257 3575; x_wconf 90' lang='lat' dir='ltr'>locutos</span> <span class='ocrx_word' id='word_1_282' title='bbox 1287 3530 1354 3574; x_wconf 91' lang='lat' dir='ltr'>esse</span> <span class='ocrx_word' id='word_1_283' title='bbox 1378 3510 1480 3594; x_wconf 90' lang='lat' dir='ltr'>suspi-</span> 
     </span>
     <span class='ocr_line' id='line_1_31' title="bbox 198 3617 1481 3701; baseline -0.002 -18"><span class='ocrx_word' id='word_1_284' title='bbox 198 3638 312 3684; x_wconf 88' lang='lat' dir='ltr'>camur.</span> <span class='ocrx_word' id='word_1_285' title='bbox 359 3617 443 3696; x_wconf 88' lang='lat' dir='ltr'>Quos</span> <span class='ocrx_word' id='word_1_286' title='bbox 467 3618 641 3700; x_wconf 84' lang='lat' dir='ltr'>Polyaenus</span> <span class='ocrx_word' id='word_1_287' title='bbox 674 3619 740 3700; x_wconf 90' lang='lat' dir='ltr'>ipse</span> <span class='ocrx_word' id='word_1_288' title='bbox 763 3618 809 3681; x_wconf 91' lang='lat' dir='ltr'>ita</span> <span class='ocrx_word' id='word_1_289' title='bbox 832 3620 1049 3682; x_wconf 84' lang='lat' dir='ltr'>accusatorum</span> <span class='ocrx_word' id='word_1_290' title='bbox 1072 3621 1138 3683; x_wconf 91' lang='lat' dir='ltr'>loco</span> <span class='ocrx_word' id='word_1_291' title='bbox 1161 3620 1264 3695; x_wconf 81' lang='lat' dir='ltr'>habet</span> <span class='ocrx_word' id='word_1_292' title='bbox 1297 3621 1334 3681; x_wconf 90' lang='lat' dir='ltr'>ut</span> <span class='ocrx_word' id='word_1_293' title='bbox 1357 3637 1481 3701; x_wconf 86' lang='lat' dir='ltr'>semper</span> 
     </span>
     <span class='ocr_line' id='line_1_32' title="bbox 196 3723 1480 3810; baseline -0.002 -20"><span class='ocrx_word' id='word_1_294' title='bbox 196 3747 260 3790; x_wconf 89' lang='lat' dir='ltr'>non</span> <span class='ocrx_word' id='word_1_295' title='bbox 284 3727 391 3789; x_wconf 89' lang='lat' dir='ltr'>contra</span> <span class='ocrx_word' id='word_1_296' title='bbox 414 3745 513 3788; x_wconf 95' lang='lat' dir='ltr'>unum</span> <span class='ocrx_word' id='word_1_297' title='bbox 538 3726 591 3788; x_wconf 91' lang='lat' dir='ltr'>sed</span> <span class='ocrx_word' id='word_1_298' title='bbox 615 3729 723 3790; x_wconf 87' lang='lat' dir='ltr'>contra</span> <span class='ocrx_word' id='word_1_299' title='bbox 745 3727 850 3808; x_wconf 89' lang='lat' dir='ltr'>plures</span> <span class='ocrx_word' id='word_1_300' title='bbox 875 3745 907 3789; x_wconf 91' lang='lat' dir='ltr'>se</span> <span class='ocrx_word' id='word_1_301' title='bbox 924 3727 1027 3789; x_wconf 85' lang='lat' dir='ltr'>vertat</span> <span class='ocrx_word' id='word_1_302' title='bbox 1049 3727 1100 3810; x_wconf 86' lang='lat' dir='ltr'>(cf.</span> <span class='ocrx_word' id='word_1_303' title='bbox 1116 3745 1258 3808; x_wconf 88' lang='lat' dir='ltr'>prooem,</span> <span class='ocrx_word' id='word_1_304' title='bbox 1275 3727 1313 3807; x_wconf 60' lang='grc' dir='ltr'>ἓξ</span> <span class='ocrx_word' id='word_1_305' title='bbox 1332 3728 1373 3788; x_wconf 88' lang='grc'>14</span> <span class='ocrx_word' id='word_1_306' title='bbox 1390 3723 1480 3809; x_wconf 84' lang='lat' dir='ltr'>sqq).</span> 
     </span>
     <span class='ocr_line' id='line_1_33' title="bbox 197 3820 1481 3917; baseline -0.001 -21"><span class='ocrx_word' id='word_1_307' title='bbox 197 3835 362 3897; x_wconf 85' lang='lat' dir='ltr'>Praeterea</span> <span class='ocrx_word' id='word_1_308' title='bbox 395 3853 459 3909; x_wconf 71' lang='lat' dir='ltr'>eos</span> <span class='ocrx_word' id='word_1_309' title='bbox 493 3833 544 3913; x_wconf 93' lang='lat' dir='ltr'>qui</span> <span class='ocrx_word' id='word_1_310' title='bbox 579 3824 831 3917; x_wconf 75' lang='grc' dir='ltr'><em>παραγαγόντες</em></span> <span class='ocrx_word' id='word_1_311' title='bbox 860 3824 965 3894; x_wconf 86' lang='grc' dir='ltr'><em>πόλιν</em></span> <span class='ocrx_word' id='word_1_312' title='bbox 997 3828 1076 3917; x_wconf 79' lang='grc' dir='ltr'><em>περὶ</em></span> <span class='ocrx_word' id='word_1_313' title='bbox 1107 3831 1174 3892; x_wconf 80' lang='grc' dir='ltr'>τῶν</span> <span class='ocrx_word' id='word_1_314' title='bbox 1204 3820 1314 3893; x_wconf 78' lang='grc' dir='ltr'><em>αὐτῶν</em></span> <span class='ocrx_word' id='word_1_315' title='bbox 1347 3832 1481 3896; x_wconf 89' lang='lat' dir='ltr'>militem</span> 
     </span>
     <span class='ocr_line' id='line_1_34' title="bbox 197 3930 1480 4029; baseline -0.001 -26"><span class='ocrx_word' id='word_1_316' title='bbox 197 3931 377 4029; x_wconf 74' lang='grc' dir='ltr'><em>ἠδικηκότα</em></span> <span class='ocrx_word' id='word_1_317' title='bbox 400 3930 496 4002; x_wconf 79' lang='grc' dir='ltr'><em>οὐδὲν</em></span> <span class='ocrx_word' id='word_1_318' title='bbox 519 3932 769 4002; x_wconf 74' lang='grc' dir='ltr'><em>ἐπιδεικνύουσι</em></span> <span class='ocrx_word' id='word_1_319' title='bbox 789 3935 846 4001; x_wconf 81' lang='grc' dir='ltr'>καὶ</span> <span class='ocrx_word' id='word_1_320' title='bbox 868 3937 1066 4024; x_wconf 80' lang='grc' dir='ltr'><em>λοιδοροῦσι</em></span> <span class='ocrx_word' id='word_1_321' title='bbox 1090 3940 1121 4020; x_wconf 62' lang='grc' dir='ltr'>(ξ</span> <span class='ocrx_word' id='word_1_322' title='bbox 1149 3936 1211 4019; x_wconf 83' lang='grc'>18),</span> <span class='ocrx_word' id='word_1_323' title='bbox 1236 3940 1388 4020; x_wconf 82' lang='lat' dir='ltr'>strategos</span> <span class='ocrx_word' id='word_1_324' title='bbox 1413 3958 1480 4002; x_wconf 84' lang='lat' dir='ltr'>esse</span> 
     </span>
     <span class='ocr_line' id='line_1_35' title="bbox 197 4035 1482 4130; baseline -0.005 -18"><span class='ocrx_word' id='word_1_325' title='bbox 197 4049 355 4113; x_wconf 75' lang='lat' dir='ltr'>animalia</span> <span class='ocrx_word' id='word_1_326' title='bbox 383 4049 494 4112; x_wconf 87' lang='lat' dir='ltr'>docent</span> <span class='ocrx_word' id='word_1_327' title='bbox 521 4049 591 4111; x_wconf 92' lang='lat' dir='ltr'>tum</span> <span class='ocrx_word' id='word_1_328' title='bbox 614 4049 632 4130; x_wconf 62' lang='grc' dir='ltr'>ἓ</span> <span class='ocrx_word' id='word_1_329' title='bbox 659 4050 708 4124; x_wconf 83' lang='grc'>15,</span> <span class='ocrx_word' id='word_1_330' title='bbox 740 4048 794 4112; x_wconf 90' lang='lat' dir='ltr'>ubi</span> <span class='ocrx_word' id='word_1_331' title='bbox 823 4049 860 4112; x_wconf 92' lang='lat' dir='ltr'>de</span> <span class='ocrx_word' id='word_1_332' title='bbox 889 4048 1007 4111; x_wconf 90' lang='lat' dir='ltr'>eisdem</span> <span class='ocrx_word' id='word_1_333' title='bbox 1029 4046 1177 4128; x_wconf 87' lang='lat' dir='ltr'>legimus:</span> <span class='ocrx_word' id='word_1_334' title='bbox 1211 4035 1395 4124; x_wconf 77' lang='grc' dir='ltr'><em>ὀμόσαντες</em></span> <span class='ocrx_word' id='word_1_335' title='bbox 1420 4042 1482 4125; x_wconf 86' lang='grc' dir='ltr'>μὲν</span> 
     </span>
     <span class='ocr_line' id='line_1_36' title="bbox 198 4143 1480 4239; baseline -0.002 -23"><span class='ocrx_word' id='word_1_336' title='bbox 198 4143 257 4217; x_wconf 78' lang='grc' dir='ltr'>οὖν</span> <span class='ocrx_word' id='word_1_337' title='bbox 287 4150 365 4229; x_wconf 82' lang='grc' dir='ltr'><em>τούς</em></span> <span class='ocrx_word' id='word_1_338' title='bbox 393 4145 636 4239; x_wconf 81' lang='grc' dir='ltr'><em>όστρατεύτοος</em></span> <span class='ocrx_word' id='word_1_339' title='bbox 663 4148 858 4226; x_wconf 79' lang='grc' dir='ltr'><em>καταλέξειν</em></span> <span class='ocrx_word' id='word_1_340' title='bbox 887 4148 1083 4237; x_wconf 72' lang='grc' dir='ltr'><em>παρέβησαν</em></span> <span class='ocrx_word' id='word_1_341' title='bbox 1108 4145 1187 4225; x_wconf 83' lang='grc' dir='ltr'>τούς</span> <span class='ocrx_word' id='word_1_342' title='bbox 1208 4144 1327 4235; x_wconf 81' lang='grc' dir='ltr'><em>ὅρκους</em></span> <span class='ocrx_word' id='word_1_343' title='bbox 1354 4174 1383 4213; x_wconf 90' lang='grc' dir='ltr'>κ.</span> <span class='ocrx_word' id='word_1_344' title='bbox 1402 4174 1430 4213; x_wconf 92' lang='grc' dir='ltr'>τ.</span> <span class='ocrx_word' id='word_1_345' title='bbox 1451 4148 1480 4214; x_wconf 94' lang='grc' dir='ltr'>λ.</span> 
     </span>
    </p>
   </div>
   <div class='ocr_carea' id='block_1_3' title="bbox 200 4400 1484 5096">
    <p class='ocr_par' dir='ltr' id='par_1_3' title="bbox 291 4400 759 4469">
     <span class='ocr_line' id='line_1_37' title="bbox 291 4400 759 4469; baseline -0.004 -16"><span class='ocrx_word' id='word_1_346' title='bbox 291 4405 308 4469; x_wconf 88' lang='lat'>¹)</span> <span class='ocrx_word' id='word_1_347' title='bbox 328 4401 360 4455; x_wconf 90' lang='lat' dir='ltr'>cf.</span> <span class='ocrx_word' id='word_1_348' title='bbox 381 4401 412 4455; x_wconf 82' lang='lat' dir='ltr'>A.</span> <span class='ocrx_word' id='word_1_349' title='bbox 432 4402 549 4469; x_wconf 76' lang='lat' dir='ltr'>Pr.²p.</span> <span class='ocrx_word' id='word_1_350' title='bbox 569 4400 634 4465; x_wconf 82' lang='lat'>3063</span> <span class='ocrx_word' id='word_1_351' title='bbox 654 4416 679 4451; x_wconf 91' lang='lat' dir='ltr'>n.</span> <span class='ocrx_word' id='word_1_352' title='bbox 699 4403 759 4452; x_wconf 89' lang='lat'>310.</span> 
     </span>
    </p>

    <p class='ocr_par' dir='ltr' id='par_1_4' title="bbox 289 4499 760 4568">
     <span class='ocr_line' id='line_1_38' title="bbox 289 4499 760 4568; baseline 0 -16"><span class='ocrx_word' id='word_1_353' title='bbox 289 4502 311 4568; x_wconf 64' lang='lat' dir='ltr'>l)</span> <span class='ocrx_word' id='word_1_354' title='bbox 330 4499 362 4553; x_wconf 87' lang='lat' dir='ltr'>cf.</span> <span class='ocrx_word' id='word_1_355' title='bbox 383 4499 414 4554; x_wconf 86' lang='lat' dir='ltr'>A.</span> <span class='ocrx_word' id='word_1_356' title='bbox 433 4502 550 4568; x_wconf 72' lang='lat' dir='ltr'>Pr.²p.</span> <span class='ocrx_word' id='word_1_357' title='bbox 569 4502 634 4563; x_wconf 75' lang='lat'>3053</span> <span class='ocrx_word' id='word_1_358' title='bbox 654 4516 679 4551; x_wconf 93' lang='lat' dir='ltr'>n.</span> <span class='ocrx_word' id='word_1_359' title='bbox 699 4502 760 4552; x_wconf 83' lang='lat'><strong>309.</strong></span> 
     </span>
    </p>

    <p class='ocr_par' dir='ltr' id='par_1_5' title="bbox 200 4586 1484 4991">
     <span class='ocr_line' id='line_1_39' title="bbox 291 4586 1483 4681; baseline -0.002 -22"><span class='ocrx_word' id='word_1_360' title='bbox 291 4608 311 4668; x_wconf 76' lang='lat'>³)</span> <span class='ocrx_word' id='word_1_361' title='bbox 330 4607 362 4660; x_wconf 86' lang='lat' dir='ltr'>cf.</span> <span class='ocrx_word' id='word_1_362' title='bbox 382 4611 485 4676; x_wconf 86' lang='lat' dir='ltr'>practer</span> <span class='ocrx_word' id='word_1_363' title='bbox 502 4607 660 4677; x_wconf 90' lang='lat' dir='ltr'>prooemium</span> <span class='ocrx_word' id='word_1_364' title='bbox 679 4624 716 4673; x_wconf 89' lang='lat' dir='ltr'>ea,</span> <span class='ocrx_word' id='word_1_365' title='bbox 736 4609 835 4676; x_wconf 77' lang='lat' dir='ltr'>quae§</span> <span class='ocrx_word' id='word_1_366' title='bbox 858 4610 894 4660; x_wconf 85' lang='grc'>18</span> <span class='ocrx_word' id='word_1_367' title='bbox 913 4605 1035 4672; x_wconf 88' lang='lat' dir='ltr'>legimus:</span> <span class='ocrx_word' id='word_1_368' title='bbox 1056 4588 1307 4681; x_wconf 83' lang='grc' dir='ltr'><em>παραγαγόντες</em></span> <span class='ocrx_word' id='word_1_369' title='bbox 1321 4591 1357 4657; x_wconf 77' lang='grc' dir='ltr'>δὲ</span> <span class='ocrx_word' id='word_1_370' title='bbox 1376 4586 1483 4657; x_wconf 78' lang='grc' dir='ltr'><em>πόλιν</em></span> 
     </span>
     <span class='ocr_line' id='line_1_40' title="bbox 200 4691 1482 4785; baseline -0.004 -21"><span class='ocrx_word' id='word_1_371' title='bbox 200 4698 369 4785; x_wconf 79' lang='grc' dir='ltr'><em>περὶτῶν</em></span> <span class='ocrx_word' id='word_1_372' title='bbox 397 4692 506 4763; x_wconf 80' lang='grc' dir='ltr'><em>αὐτῶν</em></span> <span class='ocrx_word' id='word_1_373' title='bbox 530 4691 710 4785; x_wconf 78' lang='grc' dir='ltr'><em>ἠδικηκότα</em></span> <span class='ocrx_word' id='word_1_374' title='bbox 743 4723 785 4781; x_wconf 86' lang='grc' dir='ltr'><em>με</em></span> <span class='ocrx_word' id='word_1_375' title='bbox 807 4691 904 4763; x_wconf 80' lang='grc' dir='ltr'><em>οὐδὲν</em></span> <span class='ocrx_word' id='word_1_376' title='bbox 927 4691 1177 4762; x_wconf 80' lang='grc' dir='ltr'><em>ἐπιδεικνύουσι</em></span> <span class='ocrx_word' id='word_1_377' title='bbox 1200 4695 1256 4760; x_wconf 87' lang='grc' dir='ltr'>καὶ</span> <span class='ocrx_word' id='word_1_378' title='bbox 1285 4695 1482 4781; x_wconf 88' lang='grc' dir='ltr'><em>λοιδοροῦσι</em></span> 
     </span>
     <span class='ocr_line' id='line_1_41' title="bbox 201 4792 1484 4886; baseline -0.002 -21"><span class='ocrx_word' id='word_1_379' title='bbox 201 4828 228 4868; x_wconf 88' lang='grc' dir='ltr'>κ.</span> <span class='ocrx_word' id='word_1_380' title='bbox 250 4827 276 4865; x_wconf 86' lang='grc' dir='ltr'>τ.</span> <span class='ocrx_word' id='word_1_381' title='bbox 296 4801 324 4865; x_wconf 91' lang='grc' dir='ltr'>λ.</span> <span class='ocrx_word' id='word_1_382' title='bbox 345 4815 456 4882; x_wconf 78' lang='lat' dir='ltr'>atquae</span> <span class='ocrx_word' id='word_1_383' title='bbox 476 4815 490 4881; x_wconf 64' lang='grc' dir='ltr'>ξ</span> <span class='ocrx_word' id='word_1_384' title='bbox 512 4817 561 4866; x_wconf 81' lang='lat'>19:</span> <span class='ocrx_word' id='word_1_385' title='bbox 590 4799 661 4867; x_wconf 76' lang='grc' dir='ltr'><em>οἷ’δε</em></span> <span class='ocrx_word' id='word_1_386' title='bbox 682 4800 743 4885; x_wconf 78' lang='grc' dir='ltr'>μὲν</span> <span class='ocrx_word' id='word_1_387' title='bbox 765 4792 825 4865; x_wconf 84' lang='grc' dir='ltr'>ούν</span> <span class='ocrx_word' id='word_1_388' title='bbox 848 4799 883 4865; x_wconf 80' lang='grc' dir='ltr'>ἐκ</span> <span class='ocrx_word' id='word_1_389' title='bbox 917 4796 1043 4876; x_wconf 77' lang='grc' dir='ltr'><em>παντὸς</em></span> <span class='ocrx_word' id='word_1_390' title='bbox 1064 4795 1193 4884; x_wconf 84' lang='grc' dir='ltr'><em>τρόποιν</em></span> <span class='ocrx_word' id='word_1_391' title='bbox 1224 4793 1484 4886; x_wconf 70' lang='grc' dir='ltr'><em>προθυμοῖνιαί</em></span> 
     </span>
     <span class='ocr_line' id='line_1_42' title="bbox 200 4898 558 4991; baseline -0.003 -21"><span class='ocrx_word' id='word_1_392' title='bbox 200 4931 241 4987; x_wconf 84' lang='grc' dir='ltr'><em>με</em></span> <span class='ocrx_word' id='word_1_393' title='bbox 263 4907 306 4991; x_wconf 73' lang='grc' dir='ltr'>τῇ</span> <span class='ocrx_word' id='word_1_394' title='bbox 326 4900 401 4991; x_wconf 81' lang='grc' dir='ltr'><em>δίκη</em></span> <span class='ocrx_word' id='word_1_395' title='bbox 422 4898 558 4969; x_wconf 80' lang='grc' dir='ltr'><em>όιλιῦναι.</em></span> 
     </span>
    </p>

    <p class='ocr_par' dir='ltr' id='par_1_6' title="bbox 292 5026 756 5096">
     <span class='ocr_line' id='line_1_43' title="bbox 292 5026 756 5096; baseline 0.006 -18"><span class='ocrx_word' id='word_1_396' title='bbox 292 5028 312 5093; x_wconf 71' lang='grc' dir='ltr'>ι)</span> <span class='ocrx_word' id='word_1_397' title='bbox 331 5026 363 5080; x_wconf 89' lang='lat' dir='ltr'>ci.</span> <span class='ocrx_word' id='word_1_398' title='bbox 382 5026 414 5080; x_wconf 83' lang='lat' dir='ltr'>A.</span> <span class='ocrx_word' id='word_1_399' title='bbox 433 5027 476 5080; x_wconf 90' lang='lat' dir='ltr'>Pr.</span> <span class='ocrx_word' id='word_1_400' title='bbox 495 5029 507 5063; x_wconf 55' lang='grc' dir='ltr'><em>λ</em></span> <span class='ocrx_word' id='word_1_401' title='bbox 525 5044 550 5096; x_wconf 91' lang='lat' dir='ltr'>p.</span> <span class='ocrx_word' id='word_1_402' title='bbox 570 5030 630 5094; x_wconf 80' lang='lat'><strong>302,</strong></span> <span class='ocrx_word' id='word_1_403' title='bbox 649 5043 675 5080; x_wconf 94' lang='lat' dir='ltr'>n.</span> <span class='ocrx_word' id='word_1_404' title='bbox 695 5029 756 5081; x_wconf 88' lang='grc'><strong>301.</strong></span> 
     </span>
    </p>
   </div>
   <div class='ocr_carea' id='block_1_4' title="bbox 0 0 1680 5540">
    <p class='ocr_par' dir='ltr' id='par_1_7' title="bbox 0 0 1680 5540">
     <span class='ocr_line' id='line_1_44' title="bbox 0 0 1680 5540; baseline 0 0"><span class='ocrx_word' id='word_1_405' title='bbox 0 0 1680 5540; x_wconf 95' lang='lat' dir='ltr'> </span> 
     </span>
    </p>
   </div>
  </div>
 </body>
</html>
