3330 5542
722 263 935 328 ..49-

188 460 223 529 V.
249 464 280 525 et
301 459 397 526 XXV.
422 461 561 545 epilogus
585 461 674 538 desit,
696 462 826 526 lacunas
850 461 883 524 in
907 480 944 525 ea
958 460 1087 546 perinde
1112 462 1206 546 atque
1229 461 1262 525 in
1279 461 1348 525 aliis
1371 461 1474 526 inesse

187 568 328 634 concedo.
375 567 495 647 Quibus
527 569 616 633 nisus
650 568 761 632 dixerit
785 569 954 653 quispiam,
986 588 1083 633 unam
1106 569 1157 632 vel
1185 569 1317 633 alteram
1340 569 1476 634 obscuri-

189 680 297 753 tatem,
334 695 430 760 quam
454 676 567 740 oratori
595 677 655 760 ipsi
688 677 849 760 opprobrio
883 676 983 740 lacere
1015 676 1103 758 nolit,
1135 679 1347 754 excusaturus,
1379 677 1475 741 etiarn

188 786 321 850 maiores
345 784 529 848 statuendas
557 803 624 848 esse
648 785 786 848 lacunas.
832 784 915 847 Nam
939 784 998 847 etsi
1021 784 1070 847 his
1093 783 1169 848 locis
1193 786 1224 867 (ξ
1251 786 1290 848 15
1315 789 1346 850 et
1369 787 1388 867 ξ
1412 784 1475 879 19),

189 894 271 976 quod
293 893 472 957 verborum:
497 885 555 978 τὴν
574 887 635 971 μὲν
657 877 717 953 οὖν
738 881 839 976 ὀργήν
857 931 891 942 -
913 881 1127 977 ὑπαρχούσης
1157 892 1202 955 et:
1236 886 1309 955 οἵδε
1330 887 1476 978 μὲνγὰρ

188 994 323 1062 ἅπαντα
340 1040 374 1050 -
392 990 615 1083 ποιησάμενοι
631 998 785 1062 contraria
808 999 926 1081 patent,
951 997 1099 1062 excidisse
1124 998 1278 1079 quaedam
1300 1019 1379 1082 nego
1388 999 1412 1084 1)
1432 1038 1474 1048 -
1578 1038 1580 1043 ·

187 1108 240 1172 illo
264 1109 349 1171 enim
371 1107 437 1170 loco
462 1123 541 1189 quae
566 1105 749 1188 opponenda
773 1106 862 1169 erant
886 1105 1113 1186 quodammodo
1141 1107 1174 1168 in
1201 1106 1302 1170 hisce:
1337 1097 1476 1192 προφά-

189 1234 273 1286 σεως
301 1201 463 1292 οὐδεμιᾶς
495 1206 582 1295 πρὸς
611 1203 737 1297 ἔχθραν
766 1202 980 1297 ὑπαρχούσης
1012 1212 1123 1276 insunt
1146 1214 1178 1276 et
1199 1213 1258 1277 hoc
1280 1213 1346 1277 loco
1371 1232 1407 1277 ex
1430 1213 1475 1277 eis

195 1340 275 1404 quae
300 1321 474 1400 sequuntur
499 1320 531 1403 (ξ
548 1316 615 1400 90)
649 1309 775 1379 τούτων
797 1318 829 1403 (i.
848 1337 872 1382 e.
888 1317 956 1381 τῶν
988 1316 1192 1403 στρατηγῶν)
1221 1315 1283 1399 μὲν
1311 1307 1370 1381 οὖν
1401 1309 1476 1381 ἅδι-

189 1419 334 1488 κούπων
373 1425 463 1489 facilc
506 1427 691 1508 supplentur
733 1463 790 1502 -,
841 1425 910 1489 aliis
953 1425 980 1489 si
1024 1425 1180 1509 quaedam
1221 1426 1329 1490 deesse
1373 1429 1476 1511 suspi-

189 1550 304 1608 camur,
327 1532 476 1597 idoneum
497 1533 672 1597 remedium
696 1532 804 1596 afferre
827 1533 980 1598 ridemur.
1026 1533 1170 1597 Primum
1198 1535 1284 1598 ante
1317 1534 1385 1597 illa:
1418 1528 1477 1621 τὴν

189 1635 249 1719 μὲν
279 1626 338 1700 οὗν
364 1629 466 1723 ὀργήν
494 1661 523 1703 κ.
547 1661 573 1700 τ.
597 1637 624 1700 λ.
660 1639 691 1720 (ᾖ
719 1637 773 1721 15)
805 1640 959 1703 nonnulla
991 1640 1107 1704 omissa
1141 1659 1208 1704 esse
1242 1640 1373 1705 arbitror
1405 1661 1477 1704 cum

189 1747 315 1829 propter
337 1747 446 1810 verba:
475 1739 515 1806 sd
538 1739 779 1830 προειρημένα,
808 1765 887 1827 qnae
912 1747 1167 1816 antecedentibus
1190 1768 1253 1812 non
1282 1749 1366 1812 satis
1382 1749 1477 1833 expli-

190 1856 309 1930 cantur,
332 1855 401 1916 tum
424 1855 549 1936 propter
571 1853 662 1915 haec:
687 1843 749 1928 ἔχω
767 1848 804 1938 ds*
821 1848 879 1914 καὶ
893 1853 1062 1916 τοιαῦτα
1087 1847 1202 1928 εἰπεῖν,
1220 1849 1257 1928 ἐξ
1272 1839 1319 1916 ὦν
1340 1877 1368 1916 κ.
1390 1876 1416 1917 s.
1445 1851 1475 1920 λ.

191 1962 221 2045 (ἕ
248 1958 313 2043 14),
337 1965 416 2043 quae
441 1960 546 2045 qualia
569 1959 686 2022 fuerint
708 1978 770 2022 non
793 1957 970 2042 legimusff)
1017 1958 1106 2036 Quod
1137 1979 1240 2044 neque
1274 1981 1310 2025 ex
1338 1963 1477 2044 praeter-

190 2068 285 2132 itione
309 2071 449 2131 excusari
480 2069 583 2152 potest
606 2085 708 2151 neque
743 2085 779 2130 ex
802 2086 845 2143 eo,
880 2068 962 2151 quod
994 2068 1094 2149 fingat
1125 2068 1250 2131 tantum
1283 2071 1385 2132 crater
1408 2087 1476 2133 sese
1569 2117 1572 2124 .

190 2174 331 2236 τοιαῦτα
351 2175 480 2249 habere;
513 2194 589 2238 nam
612 2174 686 2237 talis
710 2173 883 2257 decipiendi
906 2173 1025 2238 iudices
1048 2174 1127 2238 ratio
1152 2173 1322 2239 admodum
1345 2177 1477 2259 agrestis

191 2282 280 2343 esset.
328 2282 448 2346 Deinde
473 2283 569 2346 etiam
593 2282 698 2346 citatio
722 2283 860 2358 testium,
886 2300 965 2364 quae
989 2283 1027 2345 ob
1050 2283 1128 2346 haec
1150 2283 1260 2345 verbs:
1295 2277 1359 2364 ἐγὼ
1373 2308 1375 2312 ’
1390 2273 1477 2346 d’b'aa

191 2375 250 2447 οὐκ
271 2379 432 2473 εἰσῆλθον
452 2381 501 2463 εἰς
522 2383 560 2450 ad
583 2378 723 2474 diopetas,
746 2379 920 2471 μάρτυρας
940 2380 1154 2473 παρεσχόμην
1177 2390 1209 2474 (ξ
1226 2388 1259 2471 9)
1284 2409 1302 2454 a
1320 2391 1477 2474 plerisque

191 2493 236 2556 ita
257 2493 525 2574 desideraturssut
548 2497 645 2559 talem
667 2494 849 2559 formulam:
885 2486 943 2556 καί
975 2513 1036 2573 μοι
1071 2485 1167 2557 κάλει
1200 2491 1279 2571 σούς
1306 2489 1479 2582 μάρτυρας

191 2601 253 2664 vel:
281 2593 454 2688 μάρτυρας
485 2595 563 2683 ὑμῖν
594 2596 787 2687 παρέξομαι
818 2602 869 2666 vel
902 2601 1038 2665 similem
1072 2602 1239 2684 quandam,
1274 2623 1336 2686 qua
1358 2604 1477 2686 Lysias,

193 2708 245 2770 alii
269 2711 405 2774 oratores
428 2713 525 2774 testes
549 2710 744 2773 introducere
769 2710 878 2786 solent,
911 2708 1044 2773 exidisse
1072 2708 1221 2792 putenti)
1255 2710 1363 2775 eodem
1385 2712 1477 2776 modo

193 2816 366 2899 supplenda
389 2819 444 2883 est.
493 2817 607 2882 Omnia
639 2835 726 2893 vero,
760 2835 839 2897 quae
874 2818 1035 2899 praeterea
1067 2818 1188 2881 occulta
1220 2818 1367 2882 videntur
1399 2838 1478 2902 esse,

193 2922 237 2986 sic
275 2924 420 3006 explicari
453 2944 545 3009 posse
584 2945 672 3007 nego.
746 2923 830 2987 Nam
871 2924 1009 3006 primum
1049 2924 1144 2988 nimis
1183 2927 1301 2990 multae
1340 2926 1373 2989 in
1410 2929 1478 2990 tam

191 3030 279 3093 brevi
302 3032 439 3096 oratione
471 3019 602 3096 lacunae
631 3032 771 3095 inessent
801 3032 963 3114 multoque
995 3031 1137 3108 maiores,
1172 3051 1268 3116 quam
1291 3033 1324 3095 in
1347 3033 1477 3116 Lysiaco

193 3157 317 3220 corpore
351 3138 424 3202 alibi
456 3139 662 3223 reperiuntur.
722 3138 843 3202 Deinde
876 3141 982 3202 autem
1015 3139 1220 3203 obscuritates
1253 3142 1373 3205 ceterae
1407 3160 1478 3204 cum

193 3262 209 3306 e
248 3249 333 3309 recta
370 3265 480 3310 earum
517 3247 773 3331 interpretatione
812 3247 843 3310 ct
878 3264 914 3309 ex
945 3245 1042 3310 totius
1080 3246 1227 3310 orationis
1266 3248 1370 3313 indole
1407 3250 1478 3311 tum

193 3352 265 3416 inde
288 3354 477 3435 probabilius
501 3354 728 3436 intelliguntur,
754 3354 837 3437 quod
861 3353 896 3429 is,
921 3352 975 3436 qui
995 3353 1077 3417 hano
1101 3355 1275 3437 composuit
1298 3357 1478 3432 orationem,
1505 3338 1508 3341 “

193 3460 352 3537 nonnulla,
387 3480 466 3543 quac
499 3460 653 3525 iudicibus
680 3463 755 3525 ncta
778 3462 875 3537 erant,
908 3460 957 3523 vel
991 3459 1089 3524 obiter
1120 3463 1246 3526 tantum
1279 3461 1397 3546 profert
1427 3463 1479 3527 vel

194 3567 319 3631 omnino
343 3568 466 3632 silentio
490 3570 678 3632 transmitt't
701 3570 732 3632 et
755 3587 792 3632 ea
825 3586 886 3648 qua
919 3586 975 3651 per
1006 3568 1106 3631 totam
1139 3587 1267 3633 causam
1294 3570 1394 3634 ut'tur
1416 3570 1478 3634 iac-

195 3674 297 3737 tantia
319 3676 411 3758 plura
434 3695 538 3759 saepe,
562 3696 658 3760 quam
675 3675 840 3740 effecturus
856 3676 913 3751 est,
935 3674 1129 3755 Polyaenum
1144 3676 1380 3759 promittentem
1394 3676 1477 3742 facit.

193 3780 296 3859 Quare
333 3802 374 3848 ne
413 3782 481 3847 St0.
522 3783 658 3870 quidem,
699 3783 752 3867 qui
785 3781 897 3859 omnia,
932 3801 1012 3865 quae
1045 3783 1266 3866 perspicuitate
1299 3786 1407 3849 carent
1444 3785 1476 3848 in

194 3891 301 3953 nostra
335 3891 480 3969 oratione,
514 3890 709 3974 epitomatori
738 3889 860 3954 crimini
892 3886 1026 3971 vertit,⁴)
1060 3909 1127 3954 esse
1161 3890 1395 3956 assentiendum
1427 3911 1478 3956 mc

196 4013 284 4078 spero
308 3997 596 4063 demonstraturum
619 4017 695 4063 esse.
720 4035 761 4043 -
785 3996 1007 4060 Examinemus
1030 3996 1095 4060 iam
1122 3997 1266 4081 deinceps
1294 3999 1364 4063 illos
1386 4000 1479 4077 locos,

194 4104 227 4168 in
251 4123 383 4185 quorum
406 4107 455 4170 vel
478 4107 614 4171 tenebris
637 4107 687 4170 vel
709 4104 808 4168 nimia
830 4103 981 4167 brevitate
1010 4103 1203 4171 offendimus.
1212 4103 1237 4187 5)
1283 4107 1385 4188 Atque
1417 4107 1480 4189 pri·

410 4271 515 4278 *-

286 4337 305 4406 1)
324 4336 450 4391 dissentio
468 4337 552 4405 igitur
570 4355 586 4390 a
604 4335 656 4404 Bi,
675 4336 722 4406 qui
740 4334 767 4406 (l.
777 4335 795 4390 l.
805 4352 831 4405 p.
842 4337 905 4402 599)
924 4333 1026 4389 duobus
1043 4334 1087 4389 his
1104 4335 1169 4390 locis
1186 4336 1294 4390 lacunas
1310 4340 1480 4408 cssspraetcr

196 4426 379 4481 necessitatem
398 4444 502 4480 censere
520 4427 587 4480 mihi
605 4427 716 4481 videtur.

284 4519 306 4583 ²)
324 4515 358 4570 cf.
378 4515 507 4571 Schcib.
527 4516 577 4583 ed,
596 4517 642 4587 qni
660 4517 737 4587 plura
755 4517 878 4570 hocloco
897 4517 1023 4571 excidisse
1041 4516 1146 4586 punctis
1166 4515 1308 4585 significat.

287 4608 308 4672 ³)
326 4604 425 4672 Bait,
455 4605 598 4674 Scheib,
628 4607 671 4662 st.
700 4607 753 4660 tale
785 4605 849 4676 quid
878 4609 939 4677 post
966 4608 981 4675 ἕ
1006 4610 1022 4662 7
1055 4606 1116 4660 olim
1144 4606 1276 4660 exstitisse
1303 4606 1480 4674 arbitrantnr3

196 4705 306 4759 Reislr.
318 4704 352 4759 ad
372 4689 535 4778 ,,Νόμος“
555 4706 583 4775 (ἕ
593 4705 621 4776 8)
639 4707 782 4760 addivult:
802 4689 1045 4783 ,‚M‹tpcvpeg“;
1066 4704 1308 4760 cf.Halbertsm.
1323 4706 1379 4773 (ll.
1389 4724 1414 4776 p.
1428 4705 1479 4776 18).

285 4801 308 4866 ι)
324 4801 393 4854 idem
413 4803 492 4870 atque
511 4799 554 4855 St.
574 4801 697 4853 statuunt
715 4800 916 4853 Halbertsm.
936 4800 963 4866 (l.
982 4799 1001 4852 l.
1019 4817 1045 4869 p.
1067 4799 1118 4868 18),
1137 4796 1169 4852 Α,
1188 4798 1216 4867 (l.
1235 4798 1253 4852 l.
1272 4817 1297 4868 p.
1317 4798 1370 4867 29),
1390 4798 1416 4851 S.

286 4891 307 4955 ὅ)
325 4892 357 4943 nt
383 4890 458 4961 plene
485 4906 540 4942 rem
558 4887 731 4958 perficiamus,
761 4906 842 4942 unum
870 4889 910 4941 vel
938 4889 1050 4943 alterum
1077 4888 1127 4941 hac
1154 4888 1183 4940 in
1209 4890 1284 4958 parte
1304 4887 1480 4965 'repetendum

195 4978 270 5032 nobis
289 4979 346 5033 crit.

994 5056 1017 5092 ‘³'
1302 5089 1318 5139 4
