3330 5542
721 313 931 376 „23-

188 511 461 594 aequiparavisset,
494 511 765 575 commorati0nem
797 510 829 572 in
861 511 935 573 urbe
969 510 1116 574 damnato
1149 512 1208 575 sibi
1240 497 1466 577 intolerabilem

188 637 257 681 esse
281 618 471 693 existimans
504 605 610 699 ἀτίμῳ
633 618 739 680 tamen
763 635 847 680 nunc
870 616 897 679 ci
925 617 1007 680 hanc
1030 636 1158 681 oausam
1181 619 1281 682 dicere
1305 639 1368 683 non
1391 621 1467 683 ltcu-

187 725 271 789 isset.
281 723 304 805 1)
329 763 370 770 —
394 725 490 789 Tertii
513 725 646 806 denique
669 725 727 788 loci
751 743 813 787 non
836 723 926 787 video
950 743 1004 787 cur
1027 726 1136 788 verba:
1169 721 1248 807 περὶ
1271 725 1337 786 τῶν
1358 715 1467 788 αὐτῶν

187 850 248 894 non
272 831 442 896 referamus
467 833 505 896 ad
528 833 662 895 multam
685 832 832 895 veterano
856 850 874 893 a
898 832 1043 913 strategis
1066 832 1262 914 impositarn;
1286 851 1348 913 qua
1371 833 1416 895 ita
1439 833 1466 896 is

187 938 268 1001 hano
291 958 418 1002 cansam
443 940 609 1003 adductam
634 957 701 1002 esse
725 939 823 1021 putat,
847 941 883 1001 ut
907 938 943 1002 de
967 938 1022 1002 illa
1046 958 1078 1002 se
1100 938 1317 1003 defendentem
1341 940 1468 1004 demon-

188 1046 359 1109 straturum
384 1066 416 1110 se
433 1065 501 1110 esse
517 1047 627 1129 speret,
653 1065 715 1129 qua
737 1045 851 1108 iniuria
874 1034 1059 1129 ἀπογραφή
1085 1049 1193 1109 contra
1216 1065 1247 1110 se
1273 1047 1314 1110 sit
1337 1047 1467 1111 intenta.

186 1152 273 1215 Haec
314 1155 420 1216 autem
453 1143 559 1215 πάλιν
593 1154 802 1236 παραγαγεῖν
839 1152 932 1215 verba
963 1152 1026 1215 noli
1059 1152 1153 1216 nimis
1182 1172 1329 1235 premere,
1362 1156 1399 1217 ut
1430 1154 1467 1217 de

187 1260 288 1323 multa
312 1261 460 1325 solvenda
483 1277 610 1322 causam
633 1257 697 1319 iam
721 1257 834 1322 dixisse
856 1258 990 1321 militem
1015 1259 1180 1323 arbitreris.

277 1367 336 1430 Sed
360 1368 512 1432 hactenus
536 1365 573 1428 de
598 1365 699 1447 prima
722 1367 847 1429 nostrae
871 1365 1090 1449 disputationis
1114 1368 1217 1450 parte!

277 1474 379 1538 Causa
402 1476 498 1556 igitur
529 1472 694 1553 diligenter
715 1474 905 1554 pertractata
940 1474 1017 1537 nihil
1046 1473 1233 1550 invenimus,
1267 1475 1347 1554 quod
1381 1476 1469 1538 itaa

186 1583 253 1646 inre
277 1583 370 1646 attico
395 1583 533 1646 alienum
556 1579 605 1656 sit,
630 1580 666 1641 ut
688 1580 784 1642 talem
800 1580 972 1644 orationem
995 1581 1102 1644 haberi
1126 1581 1252 1645 omnino
1276 1586 1307 1645 et
1331 1601 1349 1645 a
1373 1583 1469 1664 scrip·

186 1691 252 1752 tore
276 1689 352 1752 iuris
377 1689 463 1752 attici
486 1687 585 1771 perito
608 1688 749 1770 componi
780 1687 917 1770 potuisse
951 1688 993 1751 sit
1024 1688 1212 1769 negandum.
1259 1687 1361 1764 Quare
1393 1690 1469 1770 iarn,

187 1798 223 1859 n't
263 1798 330 1860 erat
370 1795 577 1879 propositum,
622 1814 699 1857 num
747 1794 815 1858 aliis
857 1795 988 1859 fortasse
1031 1796 1068 1858 de
1115 1795 1217 1859 causis
1264 1796 1468 1878 Harpocratio

188 1922 257 1967 earn
290 1924 309 1967 a
340 1904 435 1986 Lysia
472 1901 695 1966 abiudicaverit
733 1920 929 1984 quaeramus.
993 1903 1102 1983 Neque
1141 1903 1225 1966 enim
1261 1904 1468 1985 negligenter,
1541 1920 1544 1925 ·

188 2012 241 2075 sed
274 2012 365 2075 certis
399 2009 591 2092 argumentis
616 2010 735 2072 motum
763 2010 1004 2090 grammaticum
1038 2009 1136 2085 illum,
1171 2010 1220 2073 cui
1253 2011 1405 2094 plurimae
1430 2010 1468 2074 de

186 2118 246 2181 fide
278 2119 483 2200 Lysiacarum
515 2116 690 2181 orationum
723 2117 938 2181 annotationes
971 2117 1135 2194 debentur,
1170 2118 1242 2182 hcc:
1277 2110 1307 2180 εἰ
1335 2108 1470 2202 γνήσιος

187 2227 264 2309 (scil.
289 2218 307 2288 ὁ
323 2217 436 2307 λόγος)
460 2224 672 2288 additamento
688 2223 846 2287 dubitasse
868 2223 905 2287 de
931 2224 1118 2307 quibusdam
1133 2225 1169 2287 B.
1185 2226 1268 2288 recte
1284 2224 1361 2287 mihi
1385 2225 1469 2287 vide-

186 2335 238 2397 tur
269 2330 437 2414 monerel)
482 2331 573 2394 Tales
606 2332 711 2394 autem
744 2331 950 2412 quaestiones
985 2331 1097 2414 quibus
1130 2332 1328 2408 diiudicetur,
1361 2334 1469 2395 utrurn

187 2441 337 2523 scriptum
362 2439 517 2521 quoddam
541 2438 577 2515 ei,
601 2439 659 2502 snb
683 2438 770 2502 cuius
793 2438 919 2502 nomine
943 2438 1096 2502 traditum
1114 2440 1295 2515 habeamus
1319 2439 1466 2520 derogan-

187 2548 264 2611 dum
288 2548 329 2610 sit
351 2565 457 2621 neone,
489 2545 550 2608 nisi
582 2545 730 2628 temporis
762 2545 939 2610 discrimine
971 2547 1020 2609 rel
1054 2546 1207 2610 similibus
1240 2546 1332 2610 certis
1365 2546 1469 2609 causis

186 2655 324 2729 nitimur,
348 2655 531 2736 plerumque
554 2652 586 2714 in
605 2651 664 2715 hoc
686 2654 859 2734 vertuntur,
892 2654 1046 2734 quatenus
1070 2672 1115 2729 ea,
1149 2672 1228 2735 qnae
1261 2652 1299 2716 de
1333 2653 1468 2717 auctoris

187 2763 289 2826 indole
306 2764 338 2825 et
353 2759 576 2825 consuetndIne
594 2758 720 2840 soimnS,
742 2760 776 2821 in
798 2759 851 2823 illo
875 2760 912 2823 de
939 2780 999 2841 qno
1016 2761 1119 2842 agitur
1141 2759 1244 2823 libello
1265 2761 1468 2843 reperiantur.

100 2871 102 2874 ’
186 2870 298 2952 Lysiae
322 2888 393 2932 enm
417 2867 510 2950 pinax
534 2865 822 2930 Studemnndianus
846 2866 925 2932 XCC
951 2869 1005 2931 aut
1029 2867 1087 2943 CC,
1120 2867 1308 2930 Plutarchus
1337 2870 1376 2944 et,
1415 2868 1468 2948 qui

189 2996 261 3041 eum
285 2975 453 3059 exscripsit,
477 2974 607 3039 Photins
631 2971 1065 3053 CCXXIII-CCCXXXV,
1087 2973 1256 3056 Dionysius
1279 2994 1343 3038 non
1363 2974 1468 3038 minus

187 3083 247 3165 CC,
270 3083 423 3149 Caecilius
448 3079 654 3161 CCXXXIII,
678 3080 791 3144 Suidas
814 3082 884 3164 plus
909 3081 985 3147 CCC
1011 3100 1068 3146 orr.
1089 3082 1120 3143 et
1148 3081 1269 3162 spurias
1294 3084 1470 3145 memorent

187 3191 292 3266 fuisse,
325 3209 381 3254 nos
418 3191 522 3253 antem
546 3188 659 3252 XXXI
690 3209 748 3253 err.
771 3209 872 3272 neque
897 3208 949 3252 eas
981 3188 1174 3272 incorruptas
1199 3190 1230 3251 et
1252 3190 1374 3271 praeter
1396 3188 1468 3252 illas

187 3298 282 3361 trium
305 3298 424 3361 maiora
440 3298 616 3379 fragmenta
636 3316 654 3360 a
671 3296 762 3361 Dion.
778 3296 896 3360 tradita
910 3296 1090 3372 habeamus,
1107 3297 1157 3359 his
1174 3296 1247 3360 solis
1263 3296 1323 3359 nisi
1347 3298 1468 3359 certum

188 3406 225 3468 de
249 3405 315 3469 eius
339 3405 442 3468 indole
465 3404 617 3468 indicium
647 3404 748 3468 facere
779 3423 843 3467 non
874 3422 1049 3487 possumus
1106 3402 1207 3479 Quare
1241 3403 1335 3466 etiam
1367 3423 1468 3467 nonae

188 3513 277 3577 nobis
301 3513 449 3577 orationis
474 3512 670 3576 authentiam
692 3511 922 3594 inquirentibus
946 3513 1066 3576 veteres
1095 3513 1170 3575 sunt
1193 3510 1367 3574 adhibendi.
1422 3512 1469 3573 llx

189 3639 321 3702 quornm
344 3638 474 3683 numero
497 3638 569 3682 cum
592 3619 674 3683 inter
698 3618 831 3683 Graecos
854 3618 944 3683 Plato
968 3618 1133 3704 (Phaedr.),
1166 3619 1275 3681 auctor
1297 3616 1362 3678 τῶν
1385 3610 1469 3695 βίων

188 3727 254 3787 ταῖν
276 3721 289 3788 ι’
311 3718 470 3810 ῥητόρων,
505 3726 683 3790 Demetrius
723 3726 950 3791 Alexandrinus
974 3720 1073 3808 (περὶ
1108 3716 1310 3809 ἑρμηνείας),
1337 3723 1468 3787 Hermo-

188 3853 281 3916 genes
304 3825 547 3917 (irretitionis),
581 3833 722 3915 [Dionys
751 3832 835 3898 Cass.
863 3833 1038 3915 Longinus]
1071 3827 1168 3914 (περὶ
1187 3823 1323 3914 ὕψους),
1357 3831 1468 3895 deinde

189 3940 272 4025 apud
294 3941 452 4005 Romanos
471 3939 576 4004 Cicero
599 3941 709 4024 (Brut,
726 3942 863 4017 decrat,
880 3940 943 4023 or),
968 3939 1179 4016 Quintilianus
1203 3938 1313 4021 (inst't.
1334 3937 1469 4020 orator),

188 4048 358 4112 Favorinus
382 4048 443 4132 (ap.
468 4047 546 4112 Gell.
570 4047 607 4112 N.
631 4050 666 4112 A.
689 4047 731 4131 Π,
755 4047 788 4131 5)
812 4050 950 4131 egerunt,
974 4050 1043 4111 turn
1066 4046 1193 4128 Dionys
1216 4045 1316 4110 Halio.
1341 4047 1372 4109 et
1395 4046 1468 4109 alibi

190 4155 275 4219 etin
300 4154 450 4236 singulari
473 4154 559 4218 libre.

276 4263 363 4327 Inter
400 4261 586 4325 recentiores
625 4262 662 4326 de
701 4263 774 4326 stilo
806 4261 936 4345 Lysiaco
969 4260 1222 4344 disputavemnt:
1261 4260 1288 4322 B
1317 4261 1349 4344 (l.
1373 4260 1392 4325 l.
1417 4281 1467 4344 pp.

189 4368 389 4452 381-421),
412 4370 481 4432 Fra
504 4370 536 4454 (l.
559 4370 578 4434 l.
603 4390 652 4453 pp.
680 4368 810 4452 1-25),
833 4369 1004 4434 Carelius
1028 4368 1084 4452 (z
1100 4366 1138 4450 C)
1162 4367 1212 4452 (de
1235 4367 1307 4449 hys.
1330 4367 1468 4430 iudiciali

190 4496 331 4540 sermone
364 4477 537 4540 sententiae
570 4478 735 4559 veterum),
766 4476 968 4557 Berbigins
991 4475 1052 4558 (z
1074 4472 1154 4558 Ber)
1187 4475 1275 4559 (fiber
1307 4473 1335 4538 d.
1369 4493 1468 4555 genus

282 4662 300 4727 ¹)
319 4661 486 4716 Coniectnras
520 4666 547 4716 et
577 4662 871 4727 Ranchensteinii,
899 4662 944 4731 qni
973 4643 1185 4727 ἐξελαύνουσι
1213 4661 1253 4714 vel
1282 4643 1469 4725 ἕξελαίνειν

189 4752 351 4843 ζητοῦσιν,
376 4769 403 4818 et
421 4765 580 4832 Scholion,
608 4766 653 4835 qui
672 4748 827 4830 ἐξελάσαι
846 4782 892 4834 pro
911 4747 1075 4840 ἐξήλασαν
1102 4764 1244 4834 proposuit,
1277 4763 1315 4818 St.
1334 4762 1468 4818 refutavit.

188 4857 254 4911 Earn
279 4860 367 4911 autem
390 4858 640 4928 interpretationem,
665 4875 743 4928 qnam
769 4859 824 4927 ipse
849 4857 1023 4911 adhibendam
1041 4874 1097 4911 esse
1115 4860 1200 4926 putat,
1225 4857 1319 4909 collato
1337 4856 1468 4921 hocloco,

189 4947 249 5016 Lys.
268 4947 316 5014 111,
337 4950 378 5014 to,
397 4947 468 5000 haud
486 4949 539 5002 scio
558 4965 591 5002 an
609 4967 660 5002 non
679 4949 792 5018 probem,
812 4948 880 5016 quod
898 4964 1017 5017 perverso
1035 4948 1090 5001 loco
1108 4946 1160 4999 niti
1179 4946 1289 4999 videtur.

381 5036 386 5048 “
422 5036 452 5092 Β.
471 5037 512 5093 I.²
531 5057 555 5108 p.
576 5042 636 5093 376.
