3330 5542
728 276 938 338 „42-

191 472 375 536 brevissima
399 491 497 554 eaque
521 471 587 552 pari
611 471 701 535 modo
725 471 911 550 introducta,
943 473 976 534 in
1007 472 1065 535 hoo
1098 473 1204 535 andem
1232 472 1348 536 iterum
1381 473 1484 554 atque

191 582 307 643 iterum
326 579 453 643 eaedem
472 578 679 642 adhibeant-ur
702 579 872 661 particulae
896 574 970 662 (μέν
991 566 1049 640 οὖν
1070 574 1181 657 -μέν
1200 573 1317 664 ydp).¹)
1348 580 1485 644 Accedit

193 687 274 768 quod
297 706 352 769 pei·
376 676 566 758 άντιδέσεις
588 686 730 769 periodos
763 687 865 750 orator
889 686 1071 769 saepissime
1103 685 1254 769 format.²)
1300 685 1405 763 Quare
1440 707 1484 752 ne

99 778 102 784 ’
192 796 269 858 haec
293 794 419 875 quidem
435 794 547 876 Lysiae
571 794 680 874 virtus,
704 813 783 875 quae
808 795 839 856 in
864 785 1016 877 περιόδῳ
1039 788 1206 874 ἐναγωνίῳ
1230 795 1331 878 posita
1354 797 1414 873 est,
1441 796 1483 860 ad

193 904 332 966 nostram
356 902 491 984 partinet
513 901 691 966 orationem.
740 900 826 976 Quae
849 922 912 965 000
942 901 1081 966 abundat
1109 900 1164 964 sed
1192 905 1277 966 earet
1299 905 1484 968 structurae

193 1009 302 1091 gratia.

280 1117 388 1198 Pergit
415 1117 585 1199 Dionysius
614 1119 651 1201 (jc.
683 1116 715 1183 71
744 1118 802 1180 hoc
825 1117 916 1180 modo
944 1116 1028 1197 loqui
1058 1116 1096 1179 de
1120 1110 1325 1200 avapysip:
1345 1108 1417 1195 ἐγει
1443 1115 1484 1181 δὲ

192 1219 248 1286 καὶ
269 1218 328 1309 την
348 1215 596 1309 ένάργειανὴ
619 1217 754 1285 Λυσίου
776 1218 878 1298 λέξις·
905 1215 988 1308 αὕτη
1013 1217 1051 1285 δέ
1077 1217 1148 1285 ἐστι
1174 1214 1314 1303 δύναμίς
1335 1244 1388 1298 τις
1406 1216 1481 1287 ὑπὸ

191 1319 252 1399 τάς
273 1318 450 1410 αἰσθήσεις
471 1315 597 1414 άγουοο
615 1320 655 1388 τά
681 1318 842 1407 λεγόμενα
874 1316 947 1388 tae
961 1320 1133 1408 προσέχων
1155 1321 1214 1412 τὴν
1237 1318 1392 1389 διάνοιαν
1405 1329 1484 1403 τοῖς

192 1423 326 1491 Λυσίου
357 1420 470 1508 λόγοις
498 1417 556 1506 οὐχ
592 1421 698 1502 οὕτως
732 1421 825 1490 ἔσται
858 1420 985 1503 σκαιός,
1016 1416 1055 1503 ὃς
1083 1420 1141 1506 οὐχ
1178 1420 1395 1514 ὑπολήψεται
1436 1427 1482 1494 τὰ

193 1524 380 1618 δηλούμενα
404 1524 450 1606 ιὸς
473 1524 649 1611 γιγνόμενα
673 1524 755 1613 ὁρᾶν
777 1528 834 1594 καὶ
856 1524 971 1615 ὥσπερ
993 1531 1162 1615 παροῦσιν
1184 1520 1235 1607 οἷς
1254 1524 1295 1595 dv
1318 1526 1336 1595 t
1362 1526 1482 1621 ῥήτωρ

193 1632 309 1722 εἱσάγη
331 1629 532 1719 προσώποις
558 1629 724 1719 tiaratae)
779 1635 865 1714 Quae
898 1637 996 1700 virtus
1030 1656 1101 1700 oum
1134 1637 1287 1701 efficiatur
1318 1639 1483 1723 imprimis

193 1743 255 1806 alia
278 1744 415 1824 quadam
438 1743 561 1824 insigni,
595 1762 675 1826 quae
708 1736 878 1827 ἠθοποιΐα
908 1745 1010 1808 vocari
1040 1745 1118 1808 solet
1151 1746 1182 1809 et
1214 1746 1300 1810 hisce
1328 1746 1436 1812 verbis
1462 1767 1483 1812 a

192 1851 341 1932 Dionysio
365 1852 402 1934 (c.
428 1849 460 1932 8)
484 1851 644 1915 laudatur:
668 1844 845 1938 κράτιστος
866 1848 928 1936 γὰρ
951 1849 990 1938 δη
1014 1846 1147 1916 πάντιυν
1168 1850 1296 1935 ἐγένετο
1322 1849 1483 1942 ρητόρων

192 1951 294 2039 φύσιν
327 1947 519 2038 ἀνθρώπων
547 1957 777 2019 κατοπτεῦσαι
811 1953 868 2019 καί
898 1952 939 2018 τὰ
970 1950 1181 2042 προσήκοντα
1212 1951 1366 2034 ἑκάστοις
1385 1950 1483 2022 άπο-

193 2059 310 2122 δοῦναι
333 2052 431 2146 πάδη
452 2083 489 2124 τε
509 2057 566 2123 καὶ
586 2049 655 2146 ἤδη
676 2057 732 2122 καί
756 2051 849 2143 ἔργα·
877 2049 1072 2138 άποδίδωμί
1095 2082 1131 2123 τε
1151 2049 1210 2124 οὗν
1231 2051 1322 2145 αὐτῷ
1341 2058 1399 2125 καὶ
1420 2058 1486 2149 τὴν

193 2153 462 2249 εὐπρεπεστάτην
485 2155 613 2249 άρετην,
635 2158 841 2246 καλουμένην
863 2159 899 2224 δέ
921 2154 989 2225 ὑπὸ
1008 2162 1074 2223 τῶν
1092 2160 1229 2226 πολλῶν
1245 2154 1485 2251 ἦδοποιΐανβ)

193 2287 263 2331 cum
288 2268 418 2332 veritate
443 2271 548 2332 autem
571 2270 604 2331 in
637 2268 798 2351 ethopoeia
827 2269 909 2330 arcte
939 2268 1102 2331 cohaereat
1130 2269 1220 2333 decor
1253 2266 1304 2354 (τὰ
1328 2267 1483 2357 πρέπον)

192 2375 236 2438 sio
259 2394 277 2438 a
301 2375 389 2439 Dion.
414 2376 469 2460 (eo.
494 2379 528 2450 93
556 2379 609 2457 13)
633 2377 793 2439 delinitus:
824 2370 963 2456 [οἴομαι
998 2374 1034 2441 δέ
1065 2375 1121 2440 καὶ
1153 2374 1191 2439 τδ
1225 2373 1358 2464 πρέπον
1390 2371 1484 2458 ἐγειν

191 2475 250 2566 τὴν
270 2477 405 2543 Λυσίου
437 2478 526 2556 λέξιν
548 2481 613 2564 -·]
645 2478 702 2545 καὶ
731 2477 795 2566 γάρ
826 2473 940 2567 ἡλικίᾳ
970 2478 1027 2544 καὶ
1060 2478 1146 2561 γένει
1176 2478 1233 2546 καὶ
1254 2477 1398 2567 παιδείᾳ
1419 2481 1484 2548 καὶ

192 2577 433 2667 ἐπιτηδεύματι
456 2582 512 2647 καὶ
534 2581 598 2667 βίην
621 2582 768 2659 καὶτοῖς
790 2573 916 2659 ἄλλοις,
952 2579 986 2645 έν
1012 2572 1064 2660 οἷς
1101 2580 1260 2670 διαφέρει
1280 2577 1483 2672 προσώπων

191 2686 232 2752 τὰ
258 2683 437 2773 πρόσωπα,
458 2687 518 2766 τὰς
541 2685 668 2765 οἰκείας
691 2683 881 2756 άποδίδωυι
904 2686 1059 2774 orandae)
1082 2692 1146 2754 tres
1162 2692 1221 2754 hae
1237 2690 1369 2754 virtutes
1384 2692 1480 2757 nobis

192 2796 425 2876 coniungendae
459 2799 540 2860 sunt.
587 2796 672 2875 Quas
707 2815 776 2860 eam
799 2798 836 2860 de
866 2817 927 2878 qua
961 2799 1082 2879 agimus
1116 2798 1288 2862 orationem
1314 2800 1481 2880 praestare

191 2921 281 2984 nego.
327 2903 437 2966 Presse
462 2904 546 2967 enim
569 2924 601 2968 re
625 2906 753 2968 narrata
778 2907 871 2986 atque
897 2906 1089 2986 argumentis
1110 2905 1260 2969 absolutis
1285 2906 1388 2969 orator
1402 2905 1481 2972 inde

194 3011 320 3091 a§15
344 3012 411 3073 tam
444 3014 555 3075 rieriter
586 3012 746 3076 invehitur
777 3013 810 3075 in
844 3014 1035 3077 adversarios
1067 3014 1196 3093 tamque
1228 3012 1330 3076 multa
1351 3015 1482 3095 praeter

191 3119 411 3181 necessitatem
435 3120 528 3182 verba
551 3120 626 3183 facit
650 3120 687 3183 de
711 3120 820 3183 eadem
843 3139 885 3196 re,
909 3122 945 3182 ut
966 3120 1113 3183 fiduciam
1137 3119 1336 3202 potissimum
1359 3120 1419 3184 hao
1444 3121 1481 3185 in

190 3226 278 3306 parte
302 3225 450 3288 collocare
473 3225 623 3291 videatur.
669 3228 716 3290 Ea
739 3228 845 3291 autem
868 3247 929 3290 non
954 3229 1020 3290 tam
1053 3219 1224 3315 ἧδοποιίη
1248 3227 1355 3290 studet
1378 3246 1480 3310 quam

191 3333 402 3419 παιδοποιίᾳ.
449 3332 532 3395 Nam
555 3335 694 3401 rhetores
727 3337 849 3398 veteres
881 3335 927 3397 ita
951 3334 1149 3415 distinguunt
1181 3324 1269 3422 ἦδος
1293 3335 1325 3397 et
1347 3329 1480 3411 πάδσς,

192 3439 228 3501 ut
253 3439 336 3502 illius
362 3441 487 3504 nomine
513 3442 688 3505 moderatos
711 3443 741 3505 et
761 3443 862 3516 mites,
888 3442 982 3504 huius
1008 3442 1163 3523 graviores
1184 3442 1360 3522 significent
1385 3440 1481 3505 affee-

191 3547 286 3627 tusd)
319 3546 512 3630 Polyaenum
545 3551 651 3613 autem
683 3550 784 3613 elucet
815 3549 896 3612 iram
928 3549 1068 3612 iudicum
1097 3568 1265 3629 eorumque
1288 3548 1482 3630 indignatio-

191 3672 272 3730 nem,
301 3656 458 3735 graviores
481 3657 577 3738 igitur
601 3657 738 3738 affectus,
769 3659 805 3720 ut
828 3657 961 3720 concitet
985 3656 1069 3719 eniti.
1102 3650 1229 3731 Πάδος
1250 3675 1333 3732 vero,
1367 3674 1481 3737 quam-

192 3780 287 3842 quam
319 3762 401 3826 inter
432 3764 494 3827 tria
524 3764 579 3826 illa
612 3757 789 3845 nicaeam)
822 3783 937 3845 genera
970 3764 1065 3826 etiam
1099 3763 1143 3826 eis
1168 3782 1246 3843 quae
1280 3757 1316 3824 ἐκ
1338 3753 1481 3837 πάθους

284 3957 301 4024 ¹)
320 3956 353 4012 cf.
372 3976 397 4027 p.
417 3962 460 4012 36.

280 4047 301 4115 ²)
319 4045 352 4101 oi.
371 4065 397 4116 p.
416 4052 451 4102 35
469 4064 508 4117 sq.
1211 4072 1214 4077 ·

281 4136 301 4204 ³)
320 4136 353 4190 cf.
373 4136 464 4202 Quint.
483 4142 508 4204 4,
528 4142 553 4204 2,
573 4141 619 4202 63;
639 4143 664 4204 (i,
684 4142 708 4204 2,
729 4141 776 4203 293
796 4137 928 4204 [Langia]
949 4137 980 4189 de
999 4136 1065 4190 subl.
1087 4141 1128 4203 15,
1148 4139 1174 4202 2,
1193 4141 1218 4190 9.

281 4226 302 4293 ⁸)
321 4226 353 4280 of.
373 4227 450 4280 Dion.
471 4227 502 4280 de
520 4227 594 4280 Dom.
615 4226 664 4281 dio.
683 4227 709 4278 vi
730 4230 774 4292 133
793 4226 855 4279 Dia.
867 4230 896 4291 7;
915 4225 1030 4279 Marcell.
1041 4226 1075 4278 ad
1088 4225 1211 4293 Hormog.
1230 4225 1276 4292 IV,
1296 4228 1363 4292 352;
1382 4223 1476 4291 Quint.

192 4319 217 4379 3,
237 4318 262 4380 8,
283 4320 327 4381 51;
346 4315 410 4369 Rut.
429 4315 494 4385 Lup.
516 4320 538 4383 1,
559 4320 601 4370 21.

282 4404 302 4473 5)
320 4404 354 4459 ef.
372 4405 450 4460 Dion.
470 4404 502 4459 de
519 4405 594 4459 Dem.
614 4405 663 4460 dio.
683 4405 709 4458 vi
729 4409 770 4459 13.

281 4495 302 4558 1)
320 4510 342 4547 c.
362 4493 390 4548 C.
410 4495 437 4563 (l.
456 4495 473 4548 1.
492 4513 518 4565 p.
538 4497 591 4565 32).

282 4593 301 4660 ⁷)
320 4593 375 4647 scil.
396 4580 557 4662 ἐντέχνων.
584 4595 661 4650 Dion.
681 4595 749 4649 enim
768 4595 796 4662 (1.
815 4595 832 4649 l.
852 4610 890 4649 ec.
913 4599 943 4648 17
964 4592 1032 4662 sqq.)
1057 4595 1161 4646 auctore
1181 4578 1313 4658 πίστεις
1329 4593 1358 4645 10
1376 4573 1476 4660 ἆτὲχ-

193 4709 257 4747 νων
276 4683 333 4749 καὶ
354 4683 516 4764 ἐντέχνων
535 4698 631 4751 olassos
650 4698 815 4761 dividuntar3
836 4679 969 4764 άτεχνοι
988 4697 1076 4748 autom
1095 4680 1227 4761 πίστεις
1242 4697 1306 4747 sant
1322 4694 1476 4748 testimonia

191 4799 231 4851 vel
250 4799 314 4852 talia
333 4798 376 4868 (ef.
397 4817 478 4852 uonao
503 4817 539 4854 or.
563 4803 594 4868 ἓξ
613 4805 629 4853 8
649 4801 706 4870 στρ),
725 4783 871 4868 ἔντεχνοί
898 4802 946 4852 aut
969 4785 1004 4852 ἒκ
1027 4789 1090 4850 τοῦ
1111 4781 1308 4872 πράγματος
1330 4795 1374 4863 (ci.
1397 4813 1424 4849 n.
1449 4814 1474 4850 o.

192 4902 223 4969 ἐξ
245 4889 478 4968 10-12Jaate'r.
499 4892 561 4955 τοῦ
579 4883 687 4978 ἤθους
708 4901 752 4970 (ef.
771 4903 802 4970 ἓξ
825 4907 856 4956 13
875 4902 925 4971 sq.)
944 4904 991 4954 aut
1010 4888 1046 4956 ἐκ
1068 4892 1128 4954 τοῦ
1153 4884 1314 4965 πάθους
1350 4896 1403 4968 (01.
1431 4899 1474 4967 ἐς

193 5000 307 5063 15-18)
326 4999 446 5065 sumptae
464 5013 520 5049 esso
538 4997 630 5049 solent.
