3330 5542
723 310 935 373 ..48-

189 503 249 566 ὀον
268 496 402 565 ἅπαντα
425 497 467 565 τὰ
487 498 524 566 ἐκ
547 503 609 565 τοῦ
632 495 765 566 Πόντου
787 502 894 568 πλοῖα
914 497 1100 588 κατήγαγον
1119 499 1177 565 καὶ
1205 492 1480 587 σκευωρούμενοι

188 604 268 690 περὶ
289 597 373 668 αὗιά
395 597 435 668 οὗ
456 599 622 691 πρότερον
642 598 789 688 ἀφεῖσαν
809 605 890 693 πρὶν
909 593 950 670 οὗ
972 600 1066 686 ὑμεῖς
1081 600 1305 692 ἐψηφίσασθε
1323 597 1482 691 τριήρεις

187 701 306 771 ἔκαιον
328 707 480 794 πληροῦν
505 706 561 772 καὶ
586 706 768 773 καθέλκειν
790 701 992 784 eicientes
1018 707 1075 773 καὶ
1096 703 1280 794 στρατηγὸν
1300 699 1481 783 ε’νιάὗιαῖς

188 805 326 886 ἐτάξατε
346 808 544 892 Μενεσθέα)
567 815 606 877 ab
624 815 868 879 Atheniensibus
891 816 1096 898 constitutam
1119 833 1176 878 nec
1199 816 1306 876 tamen
1329 812 1479 877 effectam

188 939 258 982 csse
289 919 487 1002 probabiliter
514 922 651 984 ostendit
688 921 912 986 Schaeferus
951 923 1124 1004 (Demosth.
1148 941 1178 986 u.
1201 940 1225 984 s
1249 920 1325 997 Zeit
1359 920 1418 984 ΠΙ
1442 941 1476 1003 p.

191 1028 275 1108 162),
283 1026 308 1108 ¹)
339 1026 514 1108 Polyaenus
547 1031 666 1105 autem,
700 1048 894 1112 quamquam
927 1030 966 1093 ad
1000 1049 1087 1093 arma
1118 1030 1247 1093 vocatus
1283 1031 1362 1104 crat,
1399 1046 1477 1091 rere

188 1134 342 1196 militasse
365 1153 427 1197 non
451 1134 613 1218 videtur.)

279 1240 339 1303 Sed
364 1242 440 1304 satis
463 1243 564 1306 multa
586 1262 637 1306 me
662 1244 805 1307 attulisse
829 1245 979 1321 existimo,
1008 1245 1121 1325 quibus
1149 1243 1232 1306 hanc
1258 1242 1297 1306 de
1321 1261 1383 1326 qua
1407 1242 1480 1324 agi·

187 1368 258 1412 mus
273 1349 446 1412 orationem
461 1350 574 1432 Lysiae
591 1351 830 1415 abiudicandam
845 1371 913 1416 esse
930 1355 1087 1436 appareat
1125 1349 1228 1429 Quare
1252 1350 1289 1414 ad
1314 1350 1478 1414 tertiam

188 1459 339 1520 nost-rae
368 1456 646 1539 disputationis
673 1460 819 1539 partem
848 1459 1032 1522 accedamus
1056 1461 1098 1538 et,
1120 1460 1158 1521 ut
1179 1459 1248 1521 crat
1269 1457 1479 1541 propositum,

189 1583 265 1626 num
289 1566 411 1644 integra
434 1565 476 1626 sit
499 1565 596 1627 oratio
619 1582 815 1644 quaeramus.
854 1568 958 1647 Atque
981 1565 1118 1649 primurn
1142 1563 1269 1645 quidem
1290 1567 1325 1628 in
1348 1565 1479 1627 uuiver-

186 1690 257 1734 sum
281 1674 317 1734 ut
340 1671 417 1733 alias
435 1671 585 1753 Lysiacae
615 1670 749 1754 sylloges
773 1672 927 1737 orationes
950 1674 995 1736 ita
1023 1673 1118 1736 ctiam
1135 1691 1252 1736 nonam
1274 1672 1480 1736 librariorum

187 1779 280 1861 culpa
302 1778 453 1841 afflictam
476 1796 544 1841 esse
567 1778 784 1842 demonstrant
805 1780 896 1843 multi
919 1781 987 1857 loci,
1011 1800 1144 1864 quorum
1167 1780 1259 1844 lectio
1279 1797 1355 1844 sanc
1377 1779 1479 1843 corri-

188 1885 290 1967 genda
313 1894 374 1958 est;
407 1886 444 1950 cf.
476 1886 630 1969 imprimis
663 1886 770 1950 hosce:
803 1888 821 1968 ᾗ
847 1891 875 1962 7,
907 1888 960 1951 ubi
983 1887 1062 1951 falso
1089 1887 1160 1951 libri
1192 1881 1272 1960 τοὺς
1300 1877 1480 1970 παρόντας

187 1987 277 2074 cerie)
305 1996 338 2056 et·
365 1987 422 2052 διὰ
453 1984 558 2074 vde.)
590 1994 629 2075 §5
655 1996 693 2055 11
720 2013 775 2076 sq.‚
806 1994 860 2057 ubi
884 1982 959 2055 εἷεν
986 1996 1018 2058 et
1050 1983 1164 2068 αὐτοῖς
1194 1994 1345 2079 praebent
1376 1995 1479 2077 atque

188 2088 268 2160 οὐδέ
292 2101 479 2183 particulam
502 2102 692 2182 emittunt-¹)
721 2101 832 2164 deinde
859 2103 878 2183 ξ
904 2105 954 2178 15,
982 2103 1035 2166 ubi
1062 2098 1247 2181 βουλεῦσαι
1274 2101 1390 2182 legitur
1416 2120 1479 2184 pro

186 2201 483 2289 contestantem)
511 2227 601 2291 porro
624 2209 643 2288 ἓ
669 2210 718 2285 16,
751 2209 804 2272 ubi
837 2209 906 2270 πᾶν
927 2200 1109 2292 ἔπραξανῢ
1137 2211 1168 2271 et
1200 2209 1261 2270 τοῦ
1293 2202 1479 2291 ὀικαίοο,8)

188 2315 208 2395 5
234 2317 283 2390 17,
306 2314 359 2377 ubi
382 2303 469 2376 ἀλλὰ
493 2309 556 2400 γὰρ
578 2308 641 2398 eil)
668 2317 791 2399 probari
815 2335 877 2379 non
900 2319 1040 2399 possunt
1090 2317 1235 2379 Fortasse
1258 2315 1354 2379 etiam
1376 2315 1479 2380 iuter-

187 2422 293 2504 polata
312 2421 467 2501 quaedam
483 2425 565 2498 sunt,
588 2424 625 2485 ut
646 2417 684 2485 τὸ
708 2417 817 2507 πέρας
837 2425 870 2507 (ξ
890 2420 944 2505 17)
966 2424 1281 2505 interpretamentum
1304 2442 1372 2488 esse
1396 2423 1478 2500 eius,

188 2528 270 2609 quod
293 2529 326 2591 in
350 2529 560 2612 superioribus
591 2530 760 2606 invenitur,
792 2524 1042 2600 τὸτελευταῖον
1069 2550 1131 2594 non
1163 2530 1367 2614 improbabile
1393 2531 1478 2594 mihi

189 2655 311 2719 queque
335 2635 457 2699 videtur
479 2634 604 2719 esse.¹⁰)
634 2637 742 2717 Neque
766 2656 855 2719 porro
871 2637 987 2701 desunt
1008 2638 1077 2715 loci,
1100 2638 1155 2701 ubi
1171 2637 1342 2702 exciderint
1357 2638 1479 2720 aliqua,

189 2747 226 2806 ut
248 2746 385 2806 extrema
411 2743 488 2823 §20
510 2745 582 2824 post
596 2745 691 2807 verba
713 2745 773 2828 τῆς
792 2735 927 2818 πόλεως
946 2744 1007 2807 nisi
1029 2745 1129 2828 plura,
1151 2748 1258 2808 tamen
1274 2764 1373 2808 unum
1389 2747 1478 2810 certe

189 2850 374 2914 vocabulum
389 2850 596 2924 desideratum
621 2854 808 2935 quapropter
826 2851 1004 2915 Reiskius
1023 2846 1177 2914 ἐκπεσεῖν
1191 2853 1240 2916 vel
1255 2851 1477 2936 στερηθῆναι,

191 2959 273 3041 quod
306 2957 504 3021 Scheibius
537 2959 657 3042 probat,
690 2958 867 3022 addendum
900 2977 968 3022 esse
997 2960 1096 3041 putat.
1142 2959 1286 3040 Itemque
1309 2959 1372 3022 illis
1396 2959 1476 3023 viris

189 3066 288 3130 doct-is
312 3066 387 3146 §21
412 3067 484 3148 post
507 3059 730 3150 διανοηθέντα
754 3065 943 3129 infinitivum
967 3064 1108 3148 (μεῖναι)
1133 3066 1350 3150 supplentibus
1367 3083 1478 3129 asseu-

189 3174 306 3253 tiar.¹¹)
357 3171 459 3250 Quare
493 3192 685 3254 quamquam
717 3174 846 3237 minime
878 3174 924 3236 ita
955 3176 1063 3238 nostra
1095 3174 1192 3238 oratio
1224 3174 1372 3237 mutilata
1404 3192 1475 3237 esse

190 3281 321 3356 videtur,
353 3282 390 3342 ut
413 3280 557 3343 similiter
580 3281 675 3362 atque
698 3281 729 3342 in
755 3299 811 3343 orr.
836 3280 888 3345 VI.
913 3284 945 3344 et
966 3281 1078 3344 XXVI.
1102 3281 1229 3345 initium
1258 3284 1314 3344 aut
1335 3280 1419 3344 sicut
1440 3282 1476 3344 in

286 3522 304 3586 ¹)
322 3519 355 3572 cf.
374 3519 436 3572 Fra
454 3520 482 3588 il.
500 3519 518 3574 L
537 3538 563 3590 p.
583 3524 636 3586 67).

279 3611 301 3678 ²)
319 3608 352 3663 cf.
372 3626 397 3679 p.
417 3613 459 3663 27.

281 3697 551 3769 bmpmnd

283 3799 301 3857 ⁸)
319 3813 378 3866 pro:
406 3778 449 3850 δι’
467 3781 571 3862 ἶόίας;
591 3795 660 3864 quod
679 3795 805 3848 Scheib.
824 3795 868 3862 (cf.
895 3794 975 3865 praef.
995 3813 1020 3865 p.
1039 3795 1141 3862 XXIII)
1167 3799 1238 3849 recte
1255 3796 1321 3849 milri
1338 3799 1367 3849 et
1384 3795 1429 3850 hic
1447 3800 1477 3850 et

191 3902 259 3969 §aa
278 3899 379 3952 neusse
398 3899 501 3952 eretur
523 3916 537 3950 ι
559 3898 625 3950 sar.
644 3898 710 3950 eone
733 3898 825 3964 (senor.
851 3897 1071 3968 hypomn.11‚p.
1091 3899 1166 3967 aare
1190 3896 1223 3952 cr.
1243 3898 1315 3966 vnn
1344 3904 1379 3954 44
1397 3886 1475 3963 (διὰ

191 3989 251 4068 τὰς
272 3987 359 4067 ἰδίας
383 3984 531 4076 ἔχθρας).

281 4093 460 4164 deffi

281 4185 302 4251 1ι’)
320 4182 353 4239 el.
372 4183 430 4238 edd
449 4183 546 4249 Reislr„
565 4183 650 4249 Turn,
670 4181 772 4235 Scheib.
791 4181 884 4251 (praef.
903 4199 928 4251 p.
948 4182 1056 4248 XXIII).

282 4273 459 4343 bfflpss

281 4362 561 4433 dmpfflmQ

281 4454 302 4522 ¹³)
320 4452 353 4506 cf.
372 4471 398 4522 p.
417 4457 449 4507 31
470 4453 506 4521 (n.
526 4455 562 4518 7).

274 4542 303 4611 ¹⁰)
322 4540 355 4594 cl.
374 4541 441 4595 Fra.
460 4541 488 4609 (l.
507 4541 525 4594 l.
543 4559 569 4611 p.
589 4541 642 4610 66).

273 4633 302 4700 ¹¹)
320 4630 437 4684 Similem
456 4631 488 4683 de
510 4631 559 4683 hoc
582 4630 637 4683 loco
662 4628 832 4683 Foertsch.
858 4629 938 4682 habet
962 4628 1127 4681 sententiam.
1165 4626 1216 4692 Qui
1241 4629 1269 4696 (l.
1288 4629 1306 4684 l.
1325 4646 1350 4698 p.
1370 4632 1387 4682 8
1406 4628 1478 4699 sqq.)

192 4748 252 4784 cum
270 4729 378 4783 Schotto
407 4733 434 4782 et
461 4729 565 4797 Augero
590 4729 688 4782 statuit
716 4728 912 4782 antecedens
940 4727 1069 4780 verbum
1098 4711 1476 4798 συμπολιτεύεσθαι

192 4833 331 4901 cogitando
349 4832 518 4901 repetendum
536 4849 592 4884 cese
610 4831 644 4884 ad
662 4831 803 4884 vocabula:
822 4815 856 4882 τί
875 4842 918 4901 με
935 4814 995 4907 χρὴ
1018 4816 1252 4907 διανοηθέντα,
1271 4846 1379 4883 mouens
1390 4845 1479 4883 exem·

192 4926 295 4996 plisquc
312 4926 449 4979 illustrans
467 4925 572 4994 Lysiam
591 4941 666 4994 saepe
694 4925 740 4977 ubi
748 4925 880 4977 notionem
890 4923 1004 4993 aliquam
1019 4923 1099 4976 semel
1117 4924 1194 4976 verbo
1213 4922 1300 4992 aliquo
1318 4922 1478 4992 expressisse

113 5089 116 5093 .
193 5016 347 5082 suffecisset,
365 5032 423 5069 eam
440 5015 611 5068 nihilominus
630 5013 722 5066 deiude
740 5013 791 5066 alio
809 5012 885 5066 modo
902 5013 1029 5083 proloqui.
