3330 5542
723 325 935 387 ..34-

185 515 332 587 σύνθετα
356 521 539 607 (composita
562 521 670 607 verba)
693 527 775 587 reete
793 524 875 587 mihi
896 525 928 590 C.
953 525 984 610 (l.
1001 526 1020 589 l.
1038 546 1066 608 p.
1085 523 1139 607 14)
1163 543 1288 588 monere
1311 523 1476 605 videtur.)

187 629 353 692 Γλωσσῶν
376 632 408 693 et
431 624 668 714 πεπυιημένων
689 631 830 712 exempla
846 651 940 714 supra
960 632 1024 694 iam
1041 632 1141 695 attuli.
1172 622 1326 692 Σόνθεια
1347 633 1476 714 praeter

186 729 407 802 necessitatem
430 757 485 821 pro
510 737 702 818 simplicibus
726 738 827 801 verbis
850 739 952 822 posita
975 740 1052 802 haec
1075 741 1201 801 tantum
1223 738 1344 801 notavi:
1369 758 1475 822 παρ-

187 842 322 924 αμελεῖν
354 843 389 928 (ξ
425 841 461 925 1)
495 864 549 926 pro
582 832 726 922 άμελεῖν,
758 837 1068 928 πρσαγσρεόεσθαι
1108 846 1138 929 (6
1168 848 1187 907 5
1222 847 1254 908 et
1285 847 1303 925 §
1329 846 1383 927 15)
1415 864 1475 927 pro

185 941 460 1034 άγσρεύεσθαι,2)
490 948 740 1033 κατσλιγωρεῖν
764 953 800 1034 (ἓ
822 951 881 1035 16)
905 972 959 1036 pro
981 942 1165 1038 ὀλιγωρεῖν,
1185 943 1477 1036 ἐπικρύπτεσθαι

186 1059 219 1142 (ξ
246 1057 300 1140 18)
323 1078 378 1141 pro
401 1049 638 1143 κρόπτεσθαι;
671 1057 833 1122 audaciore
857 1061 970 1123 conatu
992 1059 1066 1123 ficta
1088 1060 1176 1122 nulla
1199 1059 1316 1124 insunt.
1362 1059 1476 1139 Neque

186 1166 296 1230 deinde
322 1167 359 1229 ab
384 1184 421 1229 ea
445 1164 642 1240 abstinentia,
676 1183 738 1244 qua
760 1165 871 1248 Lysias
899 1166 1119 1230 translationes
1152 1186 1214 1230 non
1248 1167 1379 1249 usurpat
1410 1166 1476 1228 nisi

187 1292 267 1355 quae
304 1272 476 1336 cotidianae
513 1271 640 1352 linguae
679 1291 739 1335 usu
771 1272 886 1335 tradita
925 1274 1021 1348 erant,
1060 1274 1119 1337 hae
1152 1273 1241 1337 valde
1280 1273 1475 1355 discrepant:

185 1371 203 1441 ό
229 1370 319 1459 άμιὺν
339 1370 518 1462 πρόκειιαί
536 1398 597 1458 μοι
619 1379 650 1461 (ξ
670 1376 742 1461 3)‚³)
766 1370 887 1464 ὅρκους
920 1372 1144 1463 παραβαίνειν
1178 1381 1209 1463 (ξ
1236 1377 1326 1461 15),4)
1350 1373 1478 1459 βιαίως

185 1481 242 1549 καῖ
265 1477 472 1569 παρανόμως
505 1483 679 1546 διαθεῖναι
701 1485 732 1570 (ᾗ
759 1482 821 1568 18),
842 1480 1020 1577 ιδιαβολὰς
1047 1481 1226 1571 ἐπιφέρειν
1257 1488 1327 1560 τοῖς
1357 1480 1479 1570 ἐπιτη-

187 1583 329 1672 δεύμασι
357 1587 414 1653 καὶ
448 1582 592 1675 τρόποις
622 1591 659 1675 (ξ
686 1580 784 1674 18).5)
818 1631 859 1641 -
892 1594 997 1657 Μίσσε
1031 1592 1142 1676 Lysiae
1176 1593 1377 1677 simplicitati,
1411 1612 1478 1674 qua

191 1719 363 1783 synonyma
385 1719 448 1763 non
472 1699 555 1760 ultra
571 1699 792 1763 necessitatem
808 1701 955 1776 cumulat,
978 1700 1056 1764 haec
1078 1701 1156 1763 mihi
1180 1701 1344 1765 convenire
1368 1700 1478 1764 viden-

186 1812 251 1872 tur:
288 1796 355 1869 σῖτ’
389 1795 518 1889 ὀφείλων
555 1792 623 1866 σῖτ’
656 1800 784 1868 ἐκτῖσαι
812 1799 945 1880 δίκαιός
973 1799 1041 1888 εἰμι
1063 1808 1095 1892 (ἕ
1120 1807 1161 1889 9),
1185 1798 1386 1892 παρεδόθην
1417 1802 1478 1868 καὶ

187 1905 380 2000 ἐζημιώθην
406 1913 437 1996 (ξ
463 1909 526 1993 13),
551 1903 756 1997 παρανόμως
778 1908 834 1976 καὶ
855 1906 982 2002 βιαίως
1004 1914 1035 1999 (ξ
1063 1912 1125 1996 17),
1154 1907 1191 1975 τό
1215 1911 1406 1977 τελευταῖον
1429 1952 1478 1958 -

186 2017 224 2084 τό
250 2016 357 2104 πέρας
385 2019 469 2105 (ib.)‚
502 2012 562 2093 τὰς
587 2011 715 2094 οἰκείας
734 2014 791 2081 καί
812 2011 971 2106 συνήθεις
991 2011 1154 2101 διαβολάς
1182 2021 1219 2104 (ξ
1247 2020 1314 2103 18),
1340 2015 1479 2100 βέλτιον

187 2125 243 2192 καί
266 2121 406 2202 δικαίως
426 2128 458 2212 (ξ
485 2127 547 2208 19),
569 2121 651 2187 κατὰ
678 2120 757 2200 τοὺς
785 2117 907 2206 νόμους
933 2123 990 2189 καὶ
1017 2122 1101 2190 κατὰ
1126 2121 1163 2190 τό
1195 2119 1285 2202 εἰκός
1310 2125 1385 2213 (ib.)‚
1408 2121 1477 2190 τίνι

188 2230 381 2319 ἐπαρθέντα
414 2227 528 2295 ἐλπίδι
562 2230 627 2294 δεῖ
645 2255 688 2313 με
720 2226 1031 2313 συμπολιτεύεσθαι
1054 2224 1075 2319 ί)
1101 2227 1135 2296 τί
1164 2257 1207 2315 με
1232 2227 1301 2320 χρὴ
1335 2233 1476 2319 διανοη-

188 2334 291 2404 θέντα
313 2339 349 2423 (ξ
373 2334 442 2419 21).
477 2356 519 2383 -·-
560 2335 682 2400 Ornatu
710 2357 799 2420 porro
832 2338 883 2401 vel
914 2337 1069 2421 apoqui
1091 2339 1142 2401 vel
1170 2333 1337 2423 ῥηισρικηῖ
1361 2338 1474 2420 Lysias

188 2448 233 2511 ita
249 2466 281 2510 se
299 2442 487 2526 abstinuit,⁶)
508 2445 545 2506 ut
568 2437 773 2520 συνεκδσχαί,
795 2436 1032 2530 περιφράσεις,
1055 2438 1261 2525 μειωνυμίαι
1285 2446 1316 2508 et
1339 2443 1475 2529 παραλ-

188 2550 283 2640 ληλα,
298 2544 456 2623 ἰσόκωλα,
472 2541 658 2635 παρόμοια,
672 2544 936 2644 παρσνσμασίαι,
951 2541 1167 2626 πυλόπτιυτα,
1191 2542 1473 2638 όμιιισκάταρκτα,

189 2647 440 2736 όμσιυτέλευτα,
465 2644 706 2729 πυλυσόνδετα,
728 2642 901 2727 άσόνδετα,
928 2654 1006 2717 aliae
1035 2655 1188 2718 eiusmodi
1215 2655 1342 2737 figurae,
1371 2657 1397 2718 si
1420 2676 1475 2738 po-

189 2765 330 2848 pularem
354 2762 475 2826 dicendi
499 2746 757 2825 consuetudinem
773 2780 914 2841 egressae
931 2762 1048 2825 multae
1072 2762 1104 2824 in
1128 2762 1265 2826 oratione
1287 2764 1344 2826 sub
1360 2764 1474 2845 Lysiae

188 2871 314 2936 nomine
330 2869 447 2932 tradita
462 2869 579 2944 insunt,
602 2885 665 2930 non
689 2867 776 2949 parvi
793 2868 856 2930 sint
871 2869 1022 2932 momenti
1046 2869 1085 2932 ad
1100 2869 1194 2932 fidem
1211 2869 1276 2932 eius
1293 2870 1325 2932 in
1342 2869 1473 2934 dubium

189 2978 373 3051 vocandam3
397 2979 434 3040 ut
457 2974 542 3039 XIV.
568 2971 662 3060 [Lys]
687 2993 728 3039 or.
750 2993 822 3038 oum
844 2978 970 3059 propter
994 2976 1145 3039 aliatum
1170 2979 1294 3059 propter
1318 2967 1472 3055 όμυισιέ-

189 3083 289 3148 λευτα
320 3082 487 3168 plurimal)
521 3100 599 3145 num
621 3080 748 3163 Lysiae·
767 3082 965 3146 attribuenda
998 3083 1040 3146 sit
1071 3083 1240 3148 dubitatur.
1295 3083 1331 3146 In
1366 3087 1474 3148 nostra

188 3212 337 3275 magnam
360 3190 561 3255 offensionem
583 3190 734 3270 praebent
755 3208 857 3270 neque
882 3182 1150 3276 περιφράσεις
1170 3192 1279 3255 haece:
1303 3184 1341 3252 τό
1366 3212 1470 3276 πραχ-

188 3295 250 3362 θέν
273 3301 304 3384 (ᾗ
321 3296 389 3381 4)8)
413 3317 467 3380 pro
490 3293 600 3365 τυῦτσ,
623 3288 791 3356 ἐκλείπειν
809 3289 867 3357 τόν
887 3290 963 3376 βίον
985 3296 1016 3381 (ᾗ
1039 3295 1093 3378 14)
1116 3317 1170 3380 pro
1195 3288 1394 3375 άπσθανεῖν,
1416 3292 1473 3384 τὴν

189 3396 289 3492 ὀργὴν
320 3398 543 3467 συνίστασθαι
574 3402 604 3486 (ξ
637 3399 690 3484 15)
723 3421 777 3484 pro
811 3390 1018 3487 ὀργίζεσθαι,
1049 3395 1158 3466 πάντα
1188 3401 1269 3489 περὶ
1298 3395 1476 3478 ἐλάττονος

189 3640 241 3684 σεε
267 3639 285 3683 a
307 3617 506 3702 popularium
530 3635 673 3680 sermone
697 3617 812 3681 distare
836 3637 915 3699 nego
935 3655 975 3663 -
993 3631 1094 3699 neque
1118 3610 1370 3704 παράλληλα,
1393 3637 1473 3698 σασα

189 3730 207 3810 ξ
234 3729 283 3804 16,
307 3728 325 3808 ξ
352 3728 402 3802 19,
426 3726 444 3806 ξ
469 3726 512 3788 20
540 3727 719 3787 occurrunt:
753 3717 904 3805 μεγάλα
934 3719 995 3804 μὲν
1024 3719 1090 3804 ἐμὲ
1121 3716 1309 3807 βλάψειν,
1342 3719 1472 3786 πολλὰ

188 3825 385 3906 δὲαυτσδς
406 3821 627 3915 ὠφελήσειν
659 3831 695 3916 (ξ
722 3831 789 3914 16),
814 3821 1051 3918 ἠδικηκότες
1072 3827 1133 3911 μὲν
1156 3820 1251 3892 σόδὲν
1284 3825 1473 3915 φαίνιινται,

188 3932 291 4024 λόγον
314 3934 350 4003 δὲ·
370 3935 528 4000 πλεῖστον
548 3940 618 4001 cori
640 3933 800 4002 δικαίου
822 3930 1048 4024 ποιησάμεναι
1070 3939 1102 4022 (ξ
1122 3939 1184 4020 19),
1207 3929 1368 4016 τετάχθαι
1383 3932 1473 4011 τσδς

282 4116 301 4186 ¹)
320 4116 353 4172 of.
372 4117 403 4170 B.
422 4115 450 4181 (l.
469 4114 486 4169 1.
506 4134 531 4185 p.
552 4117 624 4182 408.)

277 4207 299 4276 ²)
318 4203 352 4260 cf.
371 4206 399 4260 11.
418 4222 443 4274 p.
464 4209 498 4259 30
517 4205 619 4259 allatos.

280 4299 301 4366 ³)
319 4295 352 4350 cf.
372 4294 434 4348 nri.
454 4294 480 4363 (l.
501 4294 518 4348 l.
537 4313 563 4364 p.
582 4294 619 4363 8.)

277 4397 299 4462 a)
317 4394 350 4450 cl.
371 4394 439 4462 [91],
460 4398 506 4448 43:
532 4379 691 4471 παραβὰς
708 4380 749 4448 τά
773 4377 932 4467 δόγματα.

279 4486 352 4556 5)σ1.
373 4487 400 4542 C.
421 4488 448 4554 (l.
468 4487 485 4542 l.
504 4506 530 4558 p.
552 4492 584 4542 16
603 4491 654 4558 sq.)

280 4581 301 4646 ὓ)
320 4577 353 4632 cl.
372 4577 403 4630 B.
423 4578 450 4647 (l.
470 4577 487 4630 l.
506 4596 532 4647 p.
554 4581 604 4631 142
623 4577 690 4647 sqq.)

281 4668 300 4738 ⁷)
319 4666 352 4722 cf.
371 4666 425 4721 No.
445 4668 472 4736 (l.
491 4667 509 4720 l.
528 4685 553 4736 p.
574 4667 627 4733 76.)

280 4768 300 4835 ⁸)
319 4765 352 4820 ef.
373 4783 410 4832 ea,
430 4782 496 4836 quae
514 4765 576 4818 Fra
594 4765 622 4834 ll.
641 4764 659 4819 1.
679 4782 704 4834 p.
724 4767 770 4831 66)
788 4765 820 4817 ιΙε
838 4765 888 4818 hoe
907 4765 961 4818 loco
979 4765 1097 4834 protulit.

280 4866 301 4930 l)
320 4864 357 4916 sic
367 4881 388 4917 e.
408 4863 598 4916 Marklando
614 4868 641 4916 et
657 4862 810 4916 Schoibio
825 4881 872 4933 pro
888 4864 1013 4917 librorum
1033 4850 1166 4917 δικαίου
1186 4862 1351 4917 scribendum
1361 4864 1471 4919 esseSt.

189 4961 259 5012 recte
286 4958 353 5011 mihi
384 4957 507 5010 arbitrari
534 4956 645 5023 videtur,
679 4956 782 5010 collatis
804 4955 847 5008 his
869 4956 945 5010 locis:
979 4957 1000 5024 I,
1029 4961 1063 5011 26
1091 4960 1119 5010 et
1142 4957 1262 5024 [XXXI],
1289 4961 1328 5011 18.
1357 4956 1406 5027 (cf.
1433 4956 1471 5010 St.

188 5049 227 5116 lq,
246 5066 272 5118 Ρ·
294 5046 365 5117 5179
