3330 5542
760 275 957 336 ..6-

222 494 309 538 arma
331 474 530 538 vocabantur.
539 471 563 555 ¹)
617 471 731 534 Nostro
754 471 819 534 loco
844 471 870 533 si
893 471 996 532 totus
1026 472 1211 533 convocatus
1235 470 1317 533 esset
1341 468 1501 544 exercitus

221 582 340 645 nemini
362 580 424 644 nisi
448 580 484 657 ei,
509 580 563 662 qui
586 580 649 642 iam
673 579 846 642 excesserat
875 577 1101 658 sexagesimum
1126 596 1251 653 annum,
1285 576 1424 640 licuisset
1448 576 1503 639 sti-

219 689 334 772 pendia
357 688 486 752 emerita
508 705 626 768 urgere,
650 688 686 749 ut
708 685 772 748 Pol.
797 704 833 748 ex
856 684 905 747 his
929 685 1046 748 verbis:
1077 674 1228 768 ἐδήλωσα
1251 676 1305 744 ὅτι
1327 679 1502 765 dorpaneu-
1537 685 1541 693 '

218 790 319 876 μένος
340 788 412 882 εἴην
434 796 465 880 (ξ
489 792 523 876 4)
547 793 627 858 fecit.
674 792 783 856 Potius
807 792 847 854 ad
870 783 986 864 ἔξοδον
1012 786 1046 853 ἐν
1064 791 1136 864 τοῖς
1155 783 1348 871 ἐπωνύμοις
1374 792 1440 876 (vel
1469 785 1502 852 ἐν

219 904 290 976 τοῖς
309 896 441 986 μέρεσι)
451 900 474 983 1)
498 902 588 965 miles
611 882 738 964 vocatus
763 918 830 963 esse
848 899 971 962 videtur
992 899 1081 979 isque
1106 917 1298 981 quamquam
1314 899 1406 981 paulo
1431 900 1501 962 ante

221 1011 284 1073 iam
301 1009 457 1090 militavit,
481 1010 600 1072 duobus
617 1009 741 1071 tantum
757 1007 918 1071 mensibus
941 1005 1154 1088 interiectisl)
1172 1018 1215 1069 'ea
1238 1005 1341 1087 igitur,
1366 1026 1446 1089 quae
1469 1007 1502 1069 in

220 1137 279 1180 usu
304 1119 378 1193 erat,
401 1117 520 1179 ratione
546 1117 583 1179 ab
607 1114 845 1196 imperatoribus
860 1112 1044 1195 neglecta.¹l
1076 1112 1165 1191 Quod
1189 1113 1298 1178 fecisse
1322 1133 1373 1177 eos
1398 1134 1504 1178 conce·

221 1225 339 1300 demae,
372 1223 399 1287 si
432 1223 549 1304 quanta
582 1241 690 1285 eorum
713 1221 839 1284 licentia
862 1221 956 1284 fuerit
984 1221 1144 1283 nobiscum
1168 1220 1503 1302 consideraverinrus.³l

219 1331 385 1394 Praeterea
417 1349 453 1394 ex
486 1331 523 1411 ἓξ
550 1331 589 1392 13
619 1348 685 1409 sqq.
720 1331 851 1411 apparet.
879 1328 1060 1391 inimicitias
1094 1328 1175 1391 inter
1208 1330 1361 1409 strategos
1386 1331 1417 1392 et
1438 1328 1502 1393 Pol.

220 1438 324 1502 fuisse.
371 1439 442 1501 Iure
467 1438 573 1500 autem
596 1438 780 1498 veteranum
803 1436 933 1498 militiae
962 1435 1063 1498 denuo
1092 1435 1283 1519 adscriptum
1308 1454 1375 1498 esse
1399 1436 1444 1498 illi
1469 1456 1517 1499 eo·

220 1545 431 1608 demonstrare
465 1543 602 1624 student,
637 1543 717 1623 quod
751 1542 931 1606 Callicrates
965 1542 1092 1622 quidam
1125 1562 1187 1605 non
1221 1542 1338 1605 diutius
1370 1543 1502 1605 Athenis

219 1653 361 1715 versatus
387 1653 470 1714 esset
492 1650 655 1732 Polyaeno.
664 1647 688 1731 ⁴)
728 1648 828 1727 Quem
852 1648 1049 1712 Callicratem
1073 1668 1146 1712 cum
1168 1649 1201 1712 P.
1226 1669 1325 1732 nuper
1348 1649 1503 1731 stipendia

147 1760 152 1771 '
220 1758 372 1822 meurisse
396 1761 428 1821 et
451 1759 487 1820 ut
509 1757 593 1820 hunc
615 1757 731 1820 iterum
754 1757 963 1839 conscriptum
987 1775 1055 1820 esse
1071 1756 1160 1819 nobis
1177 1755 1423 1819 concludendum
1448 1759 1502 1820 est.

219 1865 363 1928 Fortasse
388 1883 420 1928 se
444 1883 507 1927 non
530 1864 611 1929 nolle
636 1863 770 1927 militare
795 1863 920 1927 dixerat.
951 1863 1041 1927 Certe
1064 1863 1098 1928 P.
1122 1864 1226 1926 minus
1250 1864 1413 1946 promptus
1438 1865 1505 1925 erat

221 1973 260 2035 ad
284 1971 439 2053 stipendia
462 1971 562 2034 denuo
598 1970 767 2035 subeunda.
823 1969 926 2048 (ηαστε
959 1990 1030 2033 cum
1055 1971 1200 2052 strategis
1232 1989 1295 2033 non
1328 1970 1418 2033 mode
1441 1990 1503 2034 non

219 2079 426 2161 persuasisset
457 2078 572 2140 iniuria
595 2097 662 2141 seso
687 2077 842 2141 delectum
871 2096 946 2153 esse,
981 2077 1034 2140 sed
1059 2078 1154 2140 etiam
1177 2078 1291 2140 minari
1323 2078 1392 2141 illos
1418 2077 1505 2140 audi-

219 2186 323 2262 visset,
340 2186 373 2247 in
390 2185 563 2256 custodiam
580 2203 612 2248 se
629 2203 701 2247 eum
718 2185 845 2247 daturos
862 2202 938 2259 esse,
955 2183 1000 2246 ita
1014 2183 1228 2265 indignatione
1245 2185 1367 2261 exarsit,
1387 2187 1422 2248 ut
1438 2205 1504 2248 ma·
1523 2181 1526 2185 ’

220 2293 368 2357 lediceret
391 2293 444 2356 eis.
488 2291 578 2370 Quod
597 2311 668 2355 cum
692 2291 737 2353 illi
761 2292 992 2374 comperissent,
1017 2284 1179 2376 ἐπιβολὴν
1200 2292 1228 2354 ei
1251 2291 1504 2374 irnposuerunt.⁵)

224 2400 310 2477 Quae
327 2399 429 2482 qualis
452 2399 546 2462 fuerit
563 2418 686 2481 quoque
709 2398 776 2462 iure
792 2399 885 2461 militi
902 2398 991 2462 illata
1009 2382 1073 2461 iam
1093 2398 1273 2479 diligentius
1290 2399 1503 2482 inquiramus!

315 2596 336 2660 ⁴)
354 2596 386 2647 ut
410 2593 604 2662 Harpocrat.
630 2592 705 2645 docet
729 2562 754 2645 s.⁴
775 2611 798 2646 v.
825 2587 982 2678 στρατεία
1007 2592 1050 2645 his
1073 2592 1202 2662 imprimis
1229 2592 1379 2646 Aristotelis
1406 2594 1504 2647 verbis:

219 2684 276 2751 καὶ
294 2677 364 2767 μετ’
389 2677 495 2768 ὀλίγα·
517 2685 662 2769 χρῶνται
685 2682 722 2748 δέ
744 2687 815 2760 τοῖς
835 2677 1025 2766 ἐπωνύμοις
1046 2682 1103 2748 καὶ
1125 2680 1213 2770 πρὸς
1235 2681 1295 2760 τὰς
1318 2683 1503 2771 στρατείας,

219 2787 275 2854 καὶ
293 2783 374 2852 ὅταν
389 2781 523 2875 ἡλικίαν
539 2784 750 2870 ἐκπέμπωσι,
769 2779 1034 2872 προγράφουσιν,
1051 2781 1119 2851 dat
1133 2785 1223 2864 τίνος
1238 2779 1395 2874 ἄρχοντος
1409 2788 1503 2875 μέχρι

219 2888 309 2969 τέγος
324 2891 378 2956 δεῖ
396 2884 652 2978 στρατεύεσθαι.
682 2899 765 2964 Quam
785 2900 900 2953 delectus
919 2901 1046 2954 rationem
1064 2901 1174 2954 Aesch.
1195 2901 1244 2955 hoc
1262 2903 1337 2956 modo
1357 2903 1503 2970 significat:

218 2991 279 3070 τὰς
300 2991 335 3058 ἐκ
355 2994 414 3081 τῆς
435 2993 594 3079 διαδοχῆς
615 2985 753 3067 ἐξόδους
773 2987 834 3066 τὰς
854 2989 889 3055 έν
909 2997 979 3068 τοῖς
996 2986 1188 3075 ἐπωνύμοις
1207 3005 1242 3072 (δ.
1262 3004 1280 3059 f.
1299 3005 1317 3059 l.
1337 3008 1352 3073 ς’
1374 3008 1446 3074 168);
1470 3005 1503 3058 ef.

218 3109 303 3162 Deru.
323 3106 467 3162 01.111.4
498 3091 739 3182 (ἐψηφίσασθε
777 3089 1019 3181 τετταράκοντα
1056 3090 1204 3183 τριήρεις
1237 3094 1418 3162 καθέλκειν
1447 3096 1504 3162 καὶ

218 3196 313 3275 τοὺς
331 3195 452 3285 μέχρι
469 3196 584 3262 πέντε
606 3196 672 3263 καὶ
694 3191 993 3285 τετταράκοντα
1016 3195 1112 3262 ε’τιῦν
1128 3192 1249 3276 αὐτοὺς
1264 3197 1503 3285 ἐριδαίνειν),-

220 3312 292 3376 Quae
310 3314 444 3382 praeterea
462 3314 696 3363 commemorantur
714 3303 886 3386 στρατεῖαι
908 3298 942 3364 έν
961 3299 1107 3389 μέρεσιν,
1129 3313 1305 3382 expeditiones
1323 3313 1404 3366 fuisse
1419 3313 1505 3366 vidon-

219 3408 271 3471 tur,
293 3405 326 3457 ad
345 3421 410 3474 quas
429 3421 480 3456 non
500 3421 596 3470 omnes,
616 3404 662 3472 qui
680 3405 728 3456 sub
755 3422 805 3457 uuo
831 3405 870 3457 vel
893 3405 1013 3474 pluribus
1038 3407 1171 3476 epouymis
1195 3410 1290 3472 essent,
1316 3407 1394 3459 simul
1419 3424 1505 3459 evoca-

219 3497 318 3560 rentur,
338 3493 384 3547 sod
403 3493 497 3547 delecti
515 3496 629 3560 tantum,
657 3493 768 3545 maxime
787 3511 800 3546 o
818 3493 973 3561 iunioribus,
996 3496 1172 3549 mitterentur.
1210 3494 1243 3550 ei.
1267 3495 1379 3550 Aesoh.
1404 3497 1428 3549 d.
1448 3496 1466 3550 f.
1485 3496 1502 3549 l.

219 3595 251 3661 ἕξ
274 3597 321 3646 167
342 3610 393 3661 sc:
422 3592 498 3661 (1672
528 3579 563 3646 ἐκ
584 3577 719 3645 παίδων
733 3579 794 3663 μέν
809 3579 873 3669 γὰρ
892 3575 1100 3666 ἀπαλλαγεὶς
1115 3580 1304 3670 περίπολος
1321 3585 1379 3669 τῆς
1393 3578 1505 3670 χώρας

218 3678 340 3771 ταύτης
369 3677 528 3769 ἐγενόμην
556 3677 608 3749 δύ’
632 3678 688 3772 έτη
721 3699 783 3749 168;
811 3680 945 3774 πριῦτην
972 3680 1155 3763 δ’έξελδιδν
1183 3682 1358 3772 στρατείαν
1384 3683 1442 3774 τὴν
1470 3685 1505 3750 έν

218 3790 288 3862 τοῖς
307 3782 426 3870 μέρεσι
451 3784 658 3874 καλουμένην
679 3831 721 3848 -.
745 3786 801 3852 καὶ
822 3785 883 3864 τὰς
906 3780 1012 3866 δι’λλας
1033 3787 1091 3866 τὰς
1113 3787 1229 3876 ἕκτης
1251 3789 1408 3876 διαδοχῆς
1431 3784 1504 3865 ἐξό-

220 3889 299 3964 δους
318 3884 378 3964 τὰς
401 3885 435 3952 ἐν
453 3892 524 3963 τοῖς
545 3883 736 3972 ἐπωνύμοις
757 3888 814 3955 καὶ
835 3895 906 3968 τοῖς
928 3889 1064 3978 μέρεσιν
1088 3889 1256 3979 ἐξῆλθον).
1281 3933 1314 3940 -
1339 3902 1440 3954 Neutra
1458 3904 1505 3954 nri·
1581 3929 1583 3933 <

218 3993 285 4058 litia,
304 3995 335 4044 ut
353 3991 537 4044 Boeelnius
557 3996 603 4059 (z
620 3992 693 4063 Boo.)
713 3993 756 4062 [do
774 3994 884 4063 ephebia
898 3996 987 4060 attica,
1007 3996 1069 4050 diss.
1088 3995 1123 4048 Il.
1143 3995 1188 4064 (z
1207 3995 1241 4049 kl.
1262 3994 1336 4049 Sclrr.
1355 3996 1409 4060 1V,
1431 3998 1503 4063 loo]

219 4090 338 4160 explieat,
359 4089 483 4142 continua
500 4089 561 4157 fnit,
581 4090 626 4143 sod
651 4077 686 4144 έκ
707 4081 874 4169 διαδοχῆς,
897 4094 936 4146 ita
954 4097 985 4146 nt
1003 4093 1054 4146 alio
1072 4096 1187 4163 temporo
1205 4093 1270 4146 alios
1294 4093 1339 4145 olii
1358 4095 1505 4164 exciperent

219 4186 253 4249 et,
279 4185 358 4252 prout
375 4183 517 4236 necessitas
542 4183 700 4252 postulabat,
725 4185 840 4255 plurium
865 4202 992 4240 annorum
1017 4189 1065 4240 out
1088 4203 1231 4256 paucorum
1256 4203 1349 4239 manus
1374 4187 1408 4240 ad
1432 4204 1505 4240 arma

220 4274 363 4325 vocaretur.

307 4369 330 4438 Ξ)
348 4369 380 4423 cf.
400 4372 416 4438 ᾗ
435 4375 464 4424 4:
485 4351 690 4447 διμικόμενος
706 4360 917 4449 προπέρυσιν
934 4359 981 4440 εἷς
995 4360 1054 4451 τὴν
1074 4357 1185 4441 πόλιν,
1206 4353 1301 4427 eiiam
1322 4358 1382 4428 δύο
1398 4366 1504 4452 μῆνας

220 4458 478 4549 ἐπιδεδημηκώς
500 4461 678 4554 κατελέγην
700 4461 913 4554 στρατιώτης.

309 4576 330 4640 ³)
348 4573 381 4627 ef.
401 4573 569 4646 Aristoph.
589 4595 655 4648 pac.
675 4597 698 4633 v.
721 4584 788 4634 1178
807 4597 861 4650 sq.:
888 4563 968 4658 ἡνίκ’
992 4563 1032 4632 δν
1048 4562 1172 4634 δὀἴκοι
1187 4567 1354 4654 γένωνται,
1378 4571 1504 4658 δρῶσιν

219 4659 278 4730 οὐκ
309 4657 469 4744 δνασχετδι
501 4665 580 4744 τοὺς
609 4669 670 4752 μέν
699 4664 920 4756 ἐγγράφοντες
948 4667 1050 4762 ἡμῶν,
1084 4666 1162 4748 τούς
1192 4665 1294 4736 δ’δνω
1327 4672 1383 4737 καὶ
1410 4668 1501 4736 κάτω

219 4765 454 4853 ἐξαλείφοντες
475 4769 526 4846 δὶς
547 4764 568 4858 ἢ
589 4769 660 4860 τρίς
681 4798 709 4836 κ.
734 4797 760 4837 τ.
785 4772 813 4839 λ.

311 4872 463 4940 ὒδξα

309 4971 329 5039 ⁵)
348 4969 380 5024 ef.
400 4972 431 5039 ἐς
451 4977 467 5025 o
485 4988 524 5042 sq.
544 4959 837 5047 (ἐπιβαλόντες
860 4965 897 5031 td
924 4960 1084 5054 ἀργύριον
1105 4993 1133 5035 κ.
1154 4991 1182 5031 τ.
1206 4966 1248 5052 λ.)
