3360 5556
775 289 985 352 „10-

239 487 295 558 est,
328 475 530 572 κακηγορίας
563 485 642 548 actio
674 485 860 562 intenditur,
899 504 951 549 eas
983 477 1186 569 κακηγορίας
1216 486 1342 550 nomine
1377 486 1521 569 appellat,

238 594 368 657 leviores
385 597 490 658 autern
514 594 742 676 obiurgationes
766 594 889 676 propria
912 595 944 656 et
965 593 1074 657 latiore
1099 585 1273 676 λοιδορίας
1288 593 1522 674 significatione,

238 700 288 763 ita
307 720 389 778 sane,
422 704 458 765 ut
490 702 590 766 omnis
614 693 797 785 κακηγορία
821 701 860 764 ad
884 693 1059 783 λοιδορίας
1089 700 1196 763 referri
1225 701 1323 782 possit
1345 702 1377 764 et
1399 700 1522 764 Plutar-

239 807 350 870 chcum
373 809 475 872 locum
500 809 539 873 ad
562 810 663 872 totum
686 804 868 889 λοιδοριῶν
890 828 988 891 genus
1012 808 1175 872 extendere
1207 808 1308 873 liceat.
1335 845 1375 854 —
1401 807 1520 886 Quibus

240 916 393 997 expositis,
418 917 493 1000 quid
516 917 675 980 lucramur
699 916 738 979 ad
763 916 851 979 illam
873 917 962 982 Dem.
985 918 1087 999 legem
1104 915 1141 978 de
1157 916 1303 979 conviciis
1321 916 1521 997 magistratui

239 1023 331 1087 alicui
354 1024 450 1088 illatis
476 1026 508 1088 et
525 1026 666 1088 nostram
689 1042 818 1087 causam
841 1026 924 1088 recte
948 1023 1167 1107 explicandas?
1200 1023 1341 1087 Eandem
1363 1024 1520 1087 multandi

235 1130 388 1194 rationem
408 1133 503 1195 etiam
518 1132 551 1194 in
568 1132 833 1214 obiurgationibus
848 1132 1092 1213 magistratuum
1115 1131 1301 1211 usurpatam
1327 1150 1394 1195 esse
1419 1131 1522 1214 suspi-

236 1257 349 1302 cemur.
396 1239 454 1303 Cui
479 1241 652 1304 sententiae
675 1260 752 1302 num
777 1240 851 1321 quid
875 1239 976 1302 obstet
999 1238 1062 1300 iam
1086 1237 1308 1303 examinemus.
1357 1238 1447 1303 Dem.
1471 1239 1520 1302 lex

235 1345 324 1409 docet
347 1366 406 1424 eos,
431 1347 485 1428 qui
507 1347 724 1411 maledixerint
746 1346 953 1427 magistratui,
982 1333 1100 1427 ἀτιμίη
1124 1346 1260 1410 multari.
1308 1346 1394 1424 Quae
1418 1365 1519 1429 poena

150 1518 152 1522 ,
235 1455 325 1516 tanta
357 1455 417 1531 est,
450 1456 486 1518 ut
518 1455 613 1518 etiam
646 1453 826 1530 maledicta,
860 1473 940 1536 quae
973 1473 1010 1516 ea
1043 1455 1295 1535 compensentur,
1328 1473 1390 1517 non
1422 1473 1519 1536 parva

234 1561 356 1644 possint
379 1581 454 1639 esse,
479 1562 537 1625 etsi
560 1563 620 1626 hac
643 1562 680 1626 de
704 1580 807 1638 causa,
832 1561 912 1643 quod
937 1561 1045 1624 eodem
1067 1561 1133 1624 loco
1156 1560 1190 1622 in
1215 1580 1275 1637 eoS,
1304 1561 1357 1641 qui
1380 1561 1517 1644 privatos

234 1668 456 1745 lacessiverint,
488 1661 691 1752 κακηγορίας
723 1666 905 1749 actionem)
928 1667 1047 1731 intendi
1072 1668 1174 1730 orator
1200 1669 1316 1744 narrat,
1348 1689 1411 1732 non
1435 1671 1517 1734 certo

235 1776 338 1851 etiam,
363 1777 445 1857 quod
468 1777 581 1840 attinet
605 1777 643 1839 ad
667 1776 881 1858 magistratum,
904 1775 941 1839 de
965 1775 1068 1838 verbis
1092 1763 1300 1859 ἀπορρήτοις
1323 1776 1373 1857 agi
1396 1777 1519 1840 conclu-

234 1883 305 1947 dere
328 1903 503 1966 possumus.
548 1884 666 1947 Verum
690 1904 706 1948 e
729 1903 812 1948 nona
845 1883 945 1966 [Lys]
970 1881 1106 1946 oratione
1140 1882 1289 1946 discimus
1316 1884 1518 1966 Polyaenum,

236 1991 288 2074 qui
313 1992 458 2074 strategis
482 1993 690 2069 maledixerat,
723 2010 785 2055 non
809 1979 935 2073 ἀτιμίᾳ,
969 1989 1022 2053 sed
1046 1978 1196 2075 ἐπιβολῇ
1219 1993 1344 2054 tantum
1371 1993 1517 2074 punitum

234 2117 310 2162 esse.
357 2099 459 2190 erare
492 2120 564 2164 cum
597 2101 645 2163 vix
678 2099 822 2164 credibile
856 2099 897 2161 sit
930 2099 1055 2162 arbitrio
1094 2099 1338 2180 magistratuum
1373 2100 1517 2163 relictum

233 2205 343 2283 fuisse,
376 2209 483 2271 utrum
514 2208 547 2270 in
580 2208 680 2271 multa
712 2205 877 2288 irroganda
910 2207 1105 2287 acquiescere
1144 2226 1184 2270 an
1217 2205 1347 2270 infamia
1380 2207 1517 2288 aliquem

235 2313 356 2378 afficere
380 2316 503 2392 vellent,
528 2317 576 2380 cui
599 2335 662 2379 non
687 2313 794 2377 stat-im
817 2313 875 2376 hoc
891 2313 1059 2378 discrimen
1082 2315 1127 2378 ita
1148 2314 1299 2396 explicare
1323 2314 1356 2377 in
1378 2316 1517 2378 mentem

232 2423 327 2496 venit,
350 2424 386 2485 ut
409 2423 485 2486 item
510 2425 602 2503 atque
627 2422 749 2485 diversa
771 2420 891 2484 ratione
914 2414 1119 2504 κακηγορίας
1142 2422 1173 2484 et
1197 2414 1374 2501 λοιδορίας
1396 2423 1516 2504 privato

232 2529 350 2592 homini
384 2531 487 2595 illatas
521 2532 637 2596 scimus
671 2548 738 2593 esse
771 2528 906 2612 punitas,
939 2530 1034 2592 etiam
1057 2529 1138 2592 inter
1165 2528 1394 2609 obiurgationes
1418 2532 1518 2611 magi-

233 2637 382 2700 stratibus
421 2638 520 2703 factas
560 2639 691 2702 eandem
729 2636 961 2700 distinctionem
1000 2637 1203 2700 constitutam
1242 2654 1309 2699 esse
1348 2637 1516 2717 putemus?

214 2745 360 2807 decedit
383 2746 465 2825 quod
490 2765 543 2809 eae
568 2745 781 2821 contumeliae,
807 2762 884 2826 quas
908 2743 940 2805 in
965 2746 1118 2825 strategos
1137 2742 1200 2807 Pol.
1224 2743 1340 2819 intulit,
1364 2763 1426 2806 nou
1449 2746 1516 2808 tam

231 2851 454 2932 ignominiosae
483 2852 579 2916 fuisse
608 2852 761 2927 videntur,
800 2857 896 2935 quam
923 2851 1011 2927 tales,
1045 2851 1157 2932 quibus
1184 2850 1385 2914 insolentiam
1409 2871 1516 2915 eorum

232 2959 417 3024 immodeste
451 2963 482 3023 et
505 2961 683 3043 petulanter
714 2961 840 3022 tantum
868 2959 1098 3040 vituperaverit.
1145 2958 1230 3036 Quas
1261 2959 1343 3041 quod
1371 2957 1519 3047 ἐπιβολῇ

231 3066 433 3150 imperatores
448 3068 681 3143 vindicaverint,
705 3067 797 3149 plane
814 3085 983 3147 congruere
998 3066 1121 3130 videtur
1135 3105 1175 3112 -—
1190 3085 1381 3147 quamquam
1398 3068 1515 3130 certam

231 3174 268 3237 de
285 3172 475 3259 λοιδορίαις
490 3175 728 3256 magistratibus
744 3194 808 3236 non
825 3173 989 3237 iniciendis
1006 3174 1108 3255 legem
1124 3174 1273 3237 traditam
1289 3193 1350 3237 non
1362 3175 1515 3238 habemus

232 3318 269 3327 -
286 3283 403 3345 etcum
421 3302 527 3346 eorum
543 3282 654 3345 talium
671 3283 843 3345 multarum
859 3281 1118 3363 imponendanrm
1135 3283 1290 3366 potestate
1307 3283 1426 3345 etcum
1442 3279 1518 3347 ἑπι-

230 3390 334 3477 βολῆς
356 3390 480 3472 propria
501 3389 612 3452 indole.
665 3388 830 3468 Ceteroqui
853 3391 936 3470 puto,
970 3389 1028 3452 etsi
1053 3387 1224 3470 λοιδορίαι
1252 3388 1372 3471 privato
1395 3389 1515 3452 homini

232 3495 337 3558 illatae
361 3495 421 3558 nisi
446 3497 484 3560 ad
509 3515 578 3560 eam
593 3496 870 3578 intemperantiam
887 3495 956 3576 quis
972 3498 1174 3578 processerat,
1198 3498 1233 3559 ut
1249 3495 1380 3560 violaret
1396 3496 1440 3559 eis
1455 3496 1515 3560 loci

232 3603 395 3666 cuiusdam
419 3604 626 3679 sanctitatem,
650 3622 712 3666 non
736 3603 953 3666 multabantur
977 3603 1102 3684 exlege
1127 3603 1252 3668 Solonia
1277 3604 1370 3684 atque
1399 3622 1435 3666 ex
1458 3604 1517 3680 his,

233 3729 313 3790 quae
347 3710 532 3773 Plutarcheo
564 3711 630 3774 loco
660 3710 842 3790 sequuntur,
874 3708 990 3772 verbis:
1024 3702 1062 3769 τὸ
1098 3705 1161 3793 γὰρ
1194 3690 1353 3795 μηδαμοῦ
1385 3711 1519 3790 κρατεῖν

234 3812 335 3899 οργἤς
353 3805 559 3878 ἀπαίδευτον
580 3813 635 3879 καί
657 3804 843 3876 ἀκόλαστον
863 3808 901 3875 τὸ
926 3810 963 3877 δὲ
985 3816 1156 3893 πανταχοῦ
1173 3806 1332 3893 χαλεπόν,
1357 3807 1459 3888 ἐνίοις
1480 3812 1517 3878 δὲ

230 3908 406 3980 ἀδύνατον·
430 3918 482 3981 δεῖ
503 3915 539 3981 δὲ
556 3913 643 4004 πρὸς
660 3912 698 3980 τὸ
720 3910 859 3979 δυνατὸν
879 3909 1075 4002 γράφεσθαι
1097 3912 1155 3979 τδν
1177 3910 1286 3996 νόριον,
1312 3910 1341 3979 εἰ
1356 3908 1517 4000 βούλεται

228 4019 411 4108 χρησίμους
439 4014 581 4106 ὀλίγους,
610 4015 696 4086 ἀλλὰ
724 4019 769 4108 μὴ
792 4018 941 4097 πολλοὺς
962 4013 1131 4110 οίγρήστιος
1153 4017 1336 4107 κολάζεινῖ)
1369 4043 1517 4107 apparere

232 4129 355 4192 ridetur
387 4129 616 4210 obiurgationes
650 4129 716 4191 sine
749 4127 921 4208 ignominia
954 4129 1046 4191 alicui
1076 4129 1148 4192 alibi
1171 4128 1270 4192 factas
1299 4133 1425 4196 omnino
1449 4131 1516 4194 sine

231 4255 332 4318 poena
354 4235 460 4311 fuisso,
484 4230 659 4320 λοιδορίας
681 4236 714 4297 in
737 4235 942 4316 magistratus
966 4235 1075 4312 dictas,
1099 4237 1300 4301 etiamsinon
1325 4239 1417 4303 certis
1441 4239 1516 4302 locis

231 4342 280 4404 vel
303 4343 398 4405 saeris
423 4342 472 4405 vel
494 4341 626 4424 publicis
642 4342 780 4424 prolatae
797 4343 910 4417 essent,
933 4342 1037 4424 puniri
1052 4343 1199 4424 potuisse,
1222 4363 1285 4408 non
1308 4337 1435 4432 ἀτιμίη,
1462 4345 1516 4409 sed

231 4449 332 4511 multa
356 4449 500 4530 quadam.
532 4449 615 4512 Nam
638 4452 675 4513 ut
698 4448 822 4514 Solonis
844 4448 899 4511 illa
921 4448 989 4530 lege
1011 4449 1071 4512 loci
1088 4451 1237 4514 sanctitas
1253 4472 1293 4516 ne
1311 4454 1517 4516 lacesseretur

232 4558 434 4638 praecantum
459 4559 532 4651 erat,
556 4558 601 4620 ita
625 4559 706 4621 certe
731 4557 826 4620 etiam
848 4556 1091 4637 magistratuum
1116 4558 1264 4622 sanctitas
1289 4560 1516 4641 quodammodo

322 4805 342 4869 Ι)
361 4804 529 4874 probabiliter
547 4805 631 4872 igitur
652 4807 757 4874 propter
775 4804 853 4857 verba
872 4785 1059 4882 ἆπόῤῥητα,

320 4900 341 4962 ²)
360 4897 447 4950 ecdem
467 4900 584 4967 spectare
602 4901 671 4951 recto
690 4898 828 4952 mihiHer.
848 4900 932 4952 dicero
951 4898 1054 4951 videtur
1072 4897 1184 4954 Aristot.
1202 4899 1289 4954 Ethic.
1308 4900 1367 4955 Nic.
1386 4901 1432 4967 lV,
1449 4906 1475 4968 8,
1487 4906 1516 4956 9:

231 4979 263 5048 οἳ
287 4984 324 5050 δὲ
348 4982 533 5075 νομοθέται
555 4980 643 5050 ἔνια
666 4986 836 5074 λοιδορεῖν
857 4980 1053 5064 κωλύσασιν,
1077 5015 1138 5067 ergo
1157 5015 1209 5052 non
1228 4997 1321 5053 omnia.
