3330 5542
744 263 955 325 *54-

208 482 273 526 una
295 460 432 524 narratio
456 461 633 544 apparebat.
679 457 782 535 Quam
805 459 844 522 ab
867 460 1043 542 excerptam
1067 460 1245 542 corruptam
1272 476 1340 521 esse
1362 457 1494 538 negabi-

208 589 291 651 mus,
323 569 367 632 eis
401 567 594 644 examinatae,
628 586 707 648 quae
734 567 897 649 praeterea
929 565 1031 628 aliena
1064 566 1138 628 suut
1171 565 1210 628 ab
1242 563 1385 647 opinione
1418 560 1491 628 Sti.

209 676 270 756 Qui
294 677 409 759 optimo
432 677 499 738 iure
514 676 621 738 monet
636 674 829 738 diversarum
845 673 1020 736 orationum
1036 673 1187 754 epitomas
1204 690 1327 755 quoque
1351 671 1492 734 diversas

195 774 277 847 'esse
301 783 426 857 debere;
458 782 513 845 sed
545 782 612 865 ipse
635 781 797 865 profitetur
829 779 890 863 ll„
913 800 941 862 p.
967 781 1029 842 521
1056 778 1114 861 sq.)
1137 778 1367 861 inquirentibus
1390 778 1493 859 nobiS,

208 910 286 953 num
318 891 415 954 oratio
449 888 603 970 quaedam
633 887 784 970 Lysiacae
817 888 950 970 sylloges
983 886 1171 951 breviarium
1205 885 1253 963 sit,
1282 885 1492 961 undecimam,

210 1016 289 1080 quae
323 997 400 1080 quin
432 996 571 1060 decimae
606 996 739 1079 epitome
773 995 814 1058 sit
845 995 936 1058 hodie
970 1013 1061 1058 nemo
1094 993 1228 1076 dubitat,
1259 993 1389 1056 minime
1421 1011 1492 1056 esse

208 1104 436 1185 negligendam.
476 1102 564 1179 Quod
588 1103 682 1167 fidem
705 1102 794 1166 nobis
818 1100 900 1166 facit.
939 1102 1022 1165 Nam
1038 1102 1175 1185 primum
1199 1120 1235 1165 ex
1258 1100 1492 1183 comparatione

209 1211 293 1274 illius
317 1210 465 1275 orationis
489 1231 561 1274 cum
584 1210 786 1274 antecedente
819 1209 902 1272 facta
935 1208 1016 1272 clare
1044 1209 1152 1285 elucet
1186 1229 1247 1292 quo
1270 1207 1396 1272 omnino
1419 1226 1495 1271 con-

211 1318 281 1382 silio
314 1336 439 1400 quaque
472 1319 593 1382 ratione
626 1318 769 1400 excerpta
801 1317 850 1382 sit.
896 1315 1016 1380 Deinde
1051 1318 1157 1380 autem
1180 1315 1347 1380 verisimile
1376 1317 1432 1391 est,
1466 1315 1496 1378 si

212 1427 291 1510 quis,
315 1424 458 1502 eundem,
483 1426 537 1508 qui
561 1425 714 1489 decimam
740 1424 910 1487 orationem
934 1423 966 1485 in
986 1423 1141 1506 epitomen
1165 1423 1293 1506 redegit,
1317 1443 1389 1487 cum
1412 1423 1494 1486 alias

209 1534 278 1596 tum
301 1551 416 1596 nonam
440 1532 637 1596 contraxisse.
685 1529 787 1608 Quam
810 1531 899 1594 valde
925 1531 1024 1595 alieno
1052 1530 1144 1594 modo
1168 1532 1339 1595 coartatam
1362 1549 1431 1595 esse
1457 1550 1495 1595 eo

208 1641 313 1703 minus
338 1641 386 1703 est
409 1659 464 1703 cur
487 1656 678 1714 censeamus,
712 1637 795 1721 quod
827 1637 864 1701 de
889 1657 984 1701 causa
1008 1639 1073 1719 agit
1096 1637 1180 1701 haud
1204 1636 1329 1722 dispari.
1376 1636 1496 1703 Contra

209 1748 453 1811 Theomnestum
486 1747 578 1822 enim,
614 1745 676 1829 qui,
710 1765 728 1809 a
760 1746 908 1828 Lysithoe
942 1745 1094 1828 quodam,
1120 1746 1200 1826 quod
1234 1746 1330 1809 armis
1363 1745 1496 1808 abiectis

208 1856 300 1939 pleno
337 1855 453 1918 civium
489 1854 555 1917 iure
588 1855 740 1928 uteretur,
783 1855 961 1928 accusatus
1007 1853 1145 1917 decimae
1178 1852 1327 1917 orationis
1360 1852 1458 1916 actori
1469 1850 1495 1934 ¹)

210 1962 459 2044 exprobraverat,
493 1960 574 2044 quod
607 1963 728 2044 patrem
761 1961 979 2036 interemisset,
1013 1960 1092 2024 aetio
1115 1953 1319 2045 κακηγορίας
1346 1959 1498 2022 instituta

209 2071 284 2132 erat.
332 2067 531 2132 Conferentes
555 2068 650 2149 igitur
673 2086 720 2149 ea,
754 2086 833 2150 quae
855 2069 989 2142 nostrae,
1021 2069 1172 2150 cumeis,
1205 2085 1285 2148 quae
1310 2065 1497 2130 undecimae

211 2176 359 2239 orationis
382 2175 506 2258 propria
530 2178 612 2252 sunt,
645 2175 671 2238 si
694 2193 901 2257 permagnum
934 2176 1071 2238 statuere
1099 2175 1293 2258 potuerimus
1316 2173 1498 2251 discrimen,

209 2283 268 2346 hoc
290 2301 352 2345 non
375 2283 464 2365 parvi
487 2283 638 2346 momenti
661 2281 725 2346 lore
749 2281 891 2346 existimo
920 2282 958 2345 ad
987 2282 1187 2346 refutandam
1209 2279 1274 2346 St.i
1296 2281 1497 2346 sententiam.

298 2390 343 2454 Ut
366 2409 402 2452 ex
424 2388 473 2454 Α.ἰ
498 2389 726 2453 dissertationis
750 2407 845 2472 supra
868 2408 892 2453 e.
916 2388 1014 2466 initio,
1047 2391 1101 2454 ubi
1129 2391 1171 2474 (p.
1198 2384 1319 2470 1-11)
1351 2387 1498 2471 pluribus

210 2497 365 2580 explicuit,
395 2516 474 2578 quae
497 2498 576 2560 ratio
599 2497 681 2560 inter
704 2498 882 2579 excerptum
905 2496 983 2559 illud
1012 2498 1043 2560 et
1067 2488 1290 2579 πρωτότυπον
1310 2495 1498 2577 intercedat,

210 2604 344 2667 dilucide
368 2606 505 2688 apparet,
528 2604 561 2666 id
577 2604 641 2685 egit
660 2603 854 2686 epitomator,
877 2605 913 2666 ut
937 2603 974 2666 ad
999 2623 1065 2666 rem
1089 2603 1336 2684 cognoscendam
1359 2604 1498 2669 maxime

209 2711 385 2774 necessaria
416 2712 542 2774 tantum
569 2711 725 2773 retineret.
772 2707 873 2784 Quare
907 2729 1101 2793 quamquam
1134 2710 1230 2773 etiam
1262 2730 1307 2788 ea,
1341 2730 1420 2793 quae
1455 2713 1497 2776 ad

210 2817 312 2901 ipsam
336 2835 464 2881 eausam
487 2818 695 2902 pertinebant,
720 2819 874 2900 quantum
897 2818 1008 2899 potuit,
1031 2820 1063 2879 in
1081 2819 1252 2898 angustum
1276 2818 1376 2900 coegit
1398 2819 1498 2883 inter-

211 2924 348 3006 dumque
371 2925 417 2987 ita
432 2925 600 3002 mutilavit,
623 2928 669 3007 ut,
692 2925 753 2988 nisi
769 2924 897 3007 Lysiam
912 2924 1150 3008 inspexerimus,
1174 2926 1306 3007 intelligi
1325 2929 1496 3009 nequeant,

210 3032 364 3115 imprimis
388 3035 494 3096 tamen
518 3052 563 3109 ea,
591 3051 671 3114 quae
695 3034 782 3095 extra
804 3032 893 3095 litem
916 3033 965 3095 vel
989 3035 1061 3095 ante
1083 3033 1173 3096 litem
1195 3033 1279 3096 faeta
1302 3033 1334 3095 in
1360 3053 1497 3116 ,τρωτο-

208 3130 304 3219 τύπῳ
327 3138 506 3215 afferuntur,
522 3140 667 3221 neglexit,
690 3158 752 3203 uon
769 3139 858 3203 modo
883 3140 1007 3221 singula
1028 3140 1121 3203 verba
1144 3142 1176 3203 et
1194 3141 1357 3204 enuntiata
1376 3139 1495 3205 arctius

209 3244 291 3308 inter
315 3265 347 3309 se
371 3247 562 3328 coniungens
586 3248 634 3311 vel
658 3247 815 3323 omittens,
839 3247 1008 3310 sedetiam
1032 3249 1114 3310 totas
1137 3250 1250 3330 partes.
1297 3247 1344 3313 Ut
1367 3247 1400 3310 in
1424 3267 1497 3331 pro-

210 3352 319 3428 oemio,
342 3352 375 3414 in
402 3373 462 3436 quo
483 3354 620 3436 primum
643 3355 681 3418 de
704 3355 797 3418 rebus
813 3355 897 3417 hunc
920 3342 1032 3433 ἀγῶνα
1057 3354 1311 3434 antecedentibus
1336 3356 1440 3436 agitur
1462 3357 1497 3418 et

210 3458 321 3522 deinde
344 3479 399 3523 cur
422 3460 480 3523 hoc
501 3461 606 3544 ipsum
634 3463 751 3526 crimen
775 3462 834 3525 sibi
859 3480 877 3525 a
899 3462 1106 3525 Theomnesto
1135 3462 1244 3525 datum
1273 3463 1495 3545 persecuturus

211 3566 252 3629 sit
276 3569 360 3630 actor
382 3568 536 3633 iudicibus
560 3569 692 3652 exponit,
726 3570 791 3631 tam
818 3570 1003 3652 proterviter
1026 3572 1188 3650 grassatus
1212 3571 1267 3645 est,
1299 3571 1345 3651 ut,
1376 3569 1495 3634 nimiae

210 3673 353 3736 brevitati
387 3675 529 3750 studens,
569 3675 735 3739 artificium
768 3676 834 3739 eius
867 3676 993 3740 omnino
1025 3676 1274 3759 pessumdederit
1306 3677 1349 3753 et,
1388 3677 1496 3740 omnia

117 3789 120 3793 ’
211 3781 382 3861 singularia
419 3784 630 3863 contemnens,
669 3803 736 3847 rem
774 3784 876 3865 ipsam
903 3783 1040 3846 tenebris
1077 3783 1259 3856 obvolverit;
1292 3782 1404 3847 deinde
1442 3785 1495 3866 ἐξ

213 3889 351 3965 15-20,
376 3908 447 3952 cum
471 3892 574 3952 orator
597 3891 641 3952 eis
658 3891 774 3965 doceat,
799 3889 894 3953 etiam
916 3891 950 3952 in
975 3889 1044 3952 aliis
1067 3891 1188 3972 legibus
1211 3909 1274 3954 non
1297 3909 1412 3954 nomen
1435 3891 1496 3954 cri-

210 3994 304 4057 minis
329 3994 383 4058 sed
407 4014 535 4059 eausam
558 3997 678 4078 respici,
702 3997 820 4075 omisit,
845 4016 934 4079 porro
958 3998 997 4078 ἕξ
1022 3999 1065 4060 24
1088 4016 1143 4079 sq,
1177 3998 1290 4081 quibus
1313 3997 1495 4080 Dionysius,

210 4101 310 4183 priore
335 4102 469 4183 quodam
492 4103 605 4166 iudicio
631 4122 649 4167 a
671 4104 877 4167 Theomnesto
901 4103 972 4166 falsi
1001 4105 1171 4168 testimonii
1195 4107 1374 4187 arcessitus,
1405 4105 1496 4168 dam-

210 4212 304 4271 natus
329 4228 396 4273 esse
420 4209 563 4291 refertur,
592 4210 629 4273 de
653 4212 745 4274 rebus
768 4211 864 4292 igitur
887 4230 988 4275 sermo
1012 4216 1069 4294 est,
1098 4231 1178 4295 quae
1202 4211 1317 4276 iterum
1341 4213 1380 4276 ad
1403 4212 1494 4277 litem

209 4335 311 4398 ipsam
334 4317 379 4379 nil
402 4317 517 4393 valent,
541 4317 632 4398 plane
656 4317 799 4397 neglexit.
846 4316 913 4393 Quo
946 4318 1064 4382 factum
1098 4321 1153 4395 est,
1188 4321 1222 4382 ut
1253 4319 1350 4383 etiam
1384 4339 1494 4384 omnes

210 4441 264 4486 eae
288 4425 403 4506 partes,
427 4423 539 4504 quibus
562 4424 673 4506 Lysias
697 4444 768 4488 curn
792 4425 924 4489 ludibrio
948 4426 997 4489 vel
1025 4426 1124 4490 ironia
1152 4425 1185 4489 in
1207 4446 1296 4490 reum
1324 4426 1494 4504 invehitur,

210 4530 244 4591 in
267 4531 418 4594 breviario
443 4530 553 4607 desint,
586 4533 622 4593 ut
646 4533 685 4613 ἐξ
711 4533 749 4594 11
776 4552 831 4615 sq,
865 4532 946 4615 quod
971 4534 1066 4595 talem
1090 4533 1225 4610 irrisum,
1259 4534 1361 4616 qualis
1388 4534 1493 4598 ineis

210 4636 335 4711 inesset,
360 4638 513 4720 epitomae
537 4637 667 4720 frigidae
683 4638 767 4701 haud
791 4638 937 4702 idoneum
955 4640 1053 4703 sensit
1076 4642 1241 4723 excerptor,
1266 4644 1297 4704 et
1319 4641 1391 4704 finis
1412 4643 1492 4723 §28

210 4745 337 4825 totaque
361 4746 379 4825 ξ
404 4747 457 4826 29,
490 4745 543 4808 ubi
565 4764 615 4808 res
640 4764 658 4808 a
681 4764 732 4808 reo
756 4746 884 4827 eiusque
917 4748 1005 4828 patre
1037 4747 1124 4828 prius
1157 4750 1263 4828 gestae
1292 4748 1400 4812 acerbe
1423 4766 1495 4831 per·

303 4975 319 5043 ¹)
338 4975 383 5044 qui
402 4992 461 5028 cum
480 4974 605 5043 Dionysio
623 4974 699 5027 testis
718 4975 829 5027 aduerat
847 4974 971 5042 Lysitheo
989 4975 1017 5028 in
1035 4975 1081 5028 illa
1100 4991 1186 5029 causa.
