3330 5542
724 280 934 340 ..11-

187 477 220 539 in
244 477 311 539 tuto
335 477 404 538 erat
426 474 610 557 collocatal)
656 474 831 556 Polyaenus
856 475 961 537 autem
985 493 1017 538 se
1041 475 1101 537 hac
1123 474 1161 537 de
1185 492 1280 537 causa·
1303 472 1383 554 quod
1407 492 1470 536 uon

188 582 223 649 ἓν
237 580 399 670 συνεδρίῳ
415 583 527 647 fuisset
542 583 719 668 λοιδορῶν,
736 582 790 646 sed
807 582 890 665 apud
911 578 1032 647 Φιλίου
1051 582 1214 645 tabernam
1225 580 1470 663 argentariam)

186 691 300 754 iniuria
332 691 501 755 multatum
535 710 602 754 esso
640 688 751 771 dicit.³)
797 690 913 771 Legem
946 689 1029 754 enim
1062 683 1141 762 τοὺς
1170 683 1204 749 ἐν
1231 687 1278 770 τῷ
1308 682 1469 771 συνεδρίῳ

188 789 289 885 ἀρχὴν
310 796 550 882 λοιδοροῦντας
573 800 697 862 tantum
720 799 824 880 puniri
848 799 962 863 iubere.
1008 797 1118 876 Qualis
1140 797 1198 872 lex,
1230 797 1262 858 in
1288 814 1350 876 qua
1372 795 1472 877 magi-

189 906 345 968 stratuum
378 906 478 968 tutela
510 907 664 970 certorum
696 906 834 970 locorum
855 906 970 970 finibus
995 904 1144 969 adstricta
1166 904 1225 968 loci
1249 904 1349 984 magis
1375 921 1471 986 quam

188 1012 391 1093 magistratus
414 1012 491 1076 laesi
514 1014 593 1078 ratio
617 1015 719 1090 fuerit,
741 1015 830 1078 nobis
854 1032 917 1077 non
939 1015 1015 1077 nota
1038 1014 1093 1076 est.
1123 1011 1244 1076 Solonis
1262 1013 1367 1075 autem
1383 1011 1471 1074 illam

187 1119 298 1200 legem,
323 1137 403 1199 quae
427 1119 464 1183 de
487 1119 553 1184 loco
570 1123 626 1198 est,
650 1122 688 1185 ad
706 1121 935 1202 obiurgationes
952 1121 1154 1184 archontibus
1175 1119 1279 1183 illatas
1304 1119 1470 1200 quominus

188 1225 368 1301 referamus,
404 1228 436 1290 et
467 1227 585 1291 multae
618 1229 769 1310 exiguitas
803 1231 835 1292 et
857 1229 915 1292 hoc
938 1227 1081 1304 excludit,
1115 1227 1204 1308 quod,
1233 1229 1268 1290 ut
1291 1227 1363 1291 Her.
1387 1228 1470 1290 recte

188 1334 271 1409 dicit,
295 1333 332 1397 de
356 1334 440 1398 omni
463 1335 588 1399 homine
612 1335 731 1418 (ζιδννοι
753 1335 789 1401 δὲ
811 1338 922 1412 κακῶς
944 1333 1053 1418 λέγειν
1073 1361 1100 1399 ιι.
1125 1360 1152 1399 τ.
1178 1333 1222 1415 λ.)
1250 1354 1312 1397 non
1340 1333 1377 1396 de
1405 1353 1472 1395 ma-

189 1442 322 1522 gistratu
346 1441 418 1524 agit,
452 1462 512 1523 quo
544 1443 654 1506 militis
686 1443 872 1506 nominatim
905 1440 1062 1525 spectat.)
1107 1443 1235 1507 Accedit
1268 1441 1350 1522 quod
1372 1441 1472 1521 magi-

189 1550 307 1612 stratus
331 1541 531 1632 incoeptore,
555 1569 634 1630 (puae
651 1549 690 1613 ad
707 1569 813 1613 eorum
833 1550 1050 1613 arroteritatem
1065 1550 1270 1631 pertinebant,
1294 1533 1326 1610 in
1350 1537 1470 1629 δρχείρι

187 1657 264 1719 item
287 1656 393 1720 violati
426 1658 500 1719 sunt
533 1658 626 1738 atque
650 1658 674 1721 si
707 1658 777 1738 quis
810 1658 842 1720 in
878 1657 942 1721 foro
965 1659 1014 1721 uel
1038 1657 1111 1722 alibi
1140 1658 1320 1754 absentibus
1345 1656 1470 1736 quidem

190 1764 242 1840 eie,
266 1764 321 1826 sed
344 1763 377 1826 in
400 1762 523 1844 publico
553 1763 602 1847 (ut
625 1763 682 1830 ἐπὶ
702 1767 745 1852 τῇ
769 1759 890 1829 Φιλίου
914 1761 1076 1851 τραπέζῃ)
1109 1763 1300 1829 conviciatus
1333 1765 1394 1835 est;
1426 1762 1471 1824 ita

189 1873 225 1934 ut
246 1873 306 1935 hac
329 1872 366 1935 de
390 1889 423 1933 re
447 1872 591 1936 certiores
615 1872 712 1935 factos
737 1890 788 1935 eos
811 1891 873 1935 non
897 1872 1002 1934 miuus
1035 1872 1274 1935 calumniatores
1299 1869 1471 1954 puniendos

190 1998 315 2043 curasse
339 1980 583 2042 consentaneum
606 1979 655 2055 sit,
680 1998 776 2062 quarn
793 1980 819 2042 si
834 1979 894 2061 ipsi
919 1979 1100 2044 adfuissent.
1135 1979 1237 2057 Quare
1260 1977 1471 2043 necessarium

189 2086 285 2150 fuisse
308 2106 397 2167 nego,
419 2085 478 2149 loci
502 2086 668 2150 discrimen
692 2087 793 2151 facere
817 2087 850 2150 iu
873 2087 940 2169 lege
965 2087 1002 2151 de
1026 2087 1262 2168 magistratibus
1287 2084 1473 2167 obiurgatio-

188 2194 280 2258 nibus
304 2212 367 2257 non
391 2193 622 2276 increpitandis
651 2193 759 2258 Potius
783 2194 945 2258 nostruin
970 2214 1066 2258 causa
1089 2196 1242 2258 oratorem
1260 2194 1379 2256 alienae
1394 2191 1472 2272 legis

189 2302 348 2365 cautiones
371 2320 426 2384 per
449 2301 641 2364 calumniam
664 2319 739 2364 suae
772 2301 816 2365 rei
839 2321 1003 2384 perperam
1026 2302 1233 2381 immiscuisse
1262 2321 1334 2365 eum
1356 2300 1416 2364 Mo.
1441 2300 1473 2362 et

189 2409 269 2491 Lol)
303 2410 414 2473 statuo.
469 2407 552 2470 Nam
585 2409 662 2472 haec
695 2408 849 2471 clausula:
884 2399 1018 2481 ἕδνοις
1046 2397 1146 2494 ἀρχὴν
1172 2404 1206 2470 ἐν
1235 2406 1283 2490 τῷ
1311 2399 1472 2488 συνεδρίῳ

190 2515 333 2602 λοιδορῇ
355 2515 386 2598 (ξ
416 2517 450 2587 6;
479 2515 514 2588 9;
545 2514 598 2596 10)
627 2516 708 2578 clare
737 2535 808 2579 cunr
835 2516 937 2580 verbis
971 2515 1112 2580 Soloniae
1141 2516 1219 2597 legis
1253 2511 1431 2596 congruitss)
1453 2516 1473 2587 ⁷)

189 2622 288 2703 Leges
314 2624 419 2686 autem
443 2621 581 2685 diversas
604 2622 789 2704 permiscere
813 2624 941 2687 minime
966 2624 1162 2707 discrepabat
1190 2643 1208 2687 a
1230 2642 1315 2686 more
1339 2620 1473 2685 causidi-

190 2727 332 2811 corum.⁸)
356 2765 398 2774 -
421 2729 480 2792 His
497 2729 691 2806 examinatis
716 2731 871 2794 multandi
886 2733 1040 2795 rationem
1057 2732 1095 2794 ab
1111 2730 1348 2812 imperatoribus
1365 2730 1472 2792 contra

189 2836 381 2919 Polyaenaun
406 2836 577 2899 adhibitam
600 2857 701 2918 neque
726 2838 861 2901 alienam
885 2857 952 2901 esse
977 2839 1015 2901 ab
1040 2838 1084 2902 eis
1109 2857 1187 2918 quae
1221 2837 1309 2901 nobis
1338 2835 1471 2898 traditae

191 2947 264 3008 suut
285 2945 406 3025 legibus
430 2962 530 3024 neque
555 2963 592 3007 ea
615 2945 653 3008 de
670 2965 772 3022 causa,
797 2964 859 3025 qua
874 2945 940 3027 ipse
957 2946 1060 3008 orator
1075 2944 1194 3020 nititur,
1217 2943 1359 3023 iniquam
1375 2941 1472 3004 videri

190 3050 414 3126 intelleximus;
450 3052 504 3115 sed
536 3052 600 3114 iam
624 3053 776 3116 nonnulla
798 3051 887 3115 nobis
912 3070 956 3126 ea,
990 3070 1069 3131 quae
1092 3050 1149 3115 viri
1174 3050 1255 3114 docti
1272 3050 1472 3113 abhorrentes
1567 3038 1570 3044 ⁴

190 3223 510 3230 -—..——-—

281 3309 298 3378 ¹)
317 3308 350 3363 cf.
369 3309 443 3363 Dom.
462 3309 526 3363 Mid.
546 3313 581 3363 32
600 3327 639 3379 sq.

277 3399 299 3466 Ξ)
318 3398 387 3467 quod
405 3399 469 3468 quin
487 3416 575 3451 verurn
595 3397 683 3465 fuerit,
703 3417 754 3452 non
773 3402 813 3452 est
831 3416 877 3451 cur
896 3399 1053 3454 dubitemus.

278 3489 298 3557 ³)
317 3486 349 3540 cf.
369 3490 400 3556 ἐξ
421 3492 445 3541 6.
466 3493 490 3542 9.
513 3492 553 3542 10.

278 3576 298 3645 ³)
317 3576 350 3631 cf.
370 3594 400 3630 oa
418 3594 485 3646 quae
502 3576 572 3630 infra
590 3579 624 3646 (p.
647 3582 678 3631 12
698 3580 748 3647 sq.)
767 3582 858 3631 eorrtra
876 3579 901 3632 S.
923 3579 994 3632 dicta
1012 3581 1082 3632 surrt.

278 3665 349 3734 5)1.ι
369 3665 400 3720 A
420 3667 463 3720 Pr
483 3669 538 3736 2ρ.
559 3671 618 3721 633.
638 3685 663 3720 n.
684 3668 862 3723 403etHer.
883 3669 910 3738 (l.
930 3668 967 3734 l..)

278 3765 440 3833 l)voeabulo
465 3776 504 3819 σι
507 3751 639 3841 νεδριου
666 3765 735 3819 idem
763 3766 907 3834 significari
932 3767 999 3837 quod
1025 3784 1066 3836 ap.
1104 3767 1174 3819 Plut.
1200 3782 1261 3818 voeo
1286 3745 1419 3864 ιίρχειου
1444 3781 1473 3817 eo

186 3861 257 3914 cerni
276 3863 346 3914 recto
371 3861 389 3913 S
416 3866 451 3931 (p.
472 3866 517 3928 40)
536 3866 630 3929 monet,
657 3863 726 3932 qarod
751 3863 782 3915 de
801 3880 828 3916 se
852 3863 908 3933 ipso
932 3864 1085 3933 praedicans
1109 3863 1196 3915 miles.
1223 3842 1286 3929 a'yue
1307 3822 1392 3909 δυ’τι
1412 3843 1474 3928 μὲν

188 3975 247 4016 ουκ
275 3947 436 4039 εἰσῆλθον
462 3949 525 4028 εἰς
548 3951 592 4017 cd
622 3946 787 4038 ἀρχεῖον
809 3973 834 4038 (ρ
854 3973 1004 4040 9:)pergat
1029 3951 1058 4020 εἰ
1085 3951 1147 4041 γὰρ
1169 3946 1379 4039 φανερόςρ
1339 3976 1379 4033 οι
1382 3976 1407 4014 ιι
1427 3947 1472 4039 μὴ

188 4054 300 4123 ἐλθών
322 4054 387 4134 εἷς
406 4056 451 4122 τὸ
473 4082 494 4123 ⁰
504 4084 522 4123 v
532 4057 572 4124 δ’δ’
582 4060 629 4145 ὄρ
639 4083 702 4124 101)
722 4078 747 4144 (ᾗ
760 4079 811 4142 10).
841 4077 873 4131 cf.
885 4077 958 4131 Deru.
970 4095 991 4131 c.
1002 4077 1108 4130 Theocr.
1120 4081 1144 4143 8,
1164 4075 1248 4145 Apoll.
1259 4091 1281 4127 c.
1292 4074 1383 4127 Neaor.
1404 4075 1471 4141 §83.

278 4181 297 4248 ⁷)
316 4178 391 4244 Quod
409 4182 423 4248 ξ
445 4183 477 4234 16
496 4181 524 4234 in
542 4181 614 4236 hisee
632 4183 728 4237 verbis:
759 4164 983 4255 ζηιιιιόσανιες
1013 4168 1074 4252 μὲν
1094 4162 1139 4244 (ὃς
1161 4164 1220 4256 τὴν
1239 4158 1340 4253 ἀρχὴν
1362 4165 1472 4229 λοιδο-

187 4272 309 4357 ρθῦνῑᾱ
327 4288 444 4341 omiserit
462 4306 497 4341 or.
517 4288 566 4342 hec
584 4289 804 4345 additamentum:
826 4274 860 4340 ἒν
874 4278 922 4361 τῷ
936 4272 1108 4364 συνεδρίῳ,
1128 4307 1159 4343 ex
1177 4289 1222 4355 eis,
1242 4305 1307 4358 quac
1318 4289 1472 4357 sequuntur,

187 4394 369 4464 explicandum
387 4413 443 4449 osse
462 4400 538 4466 puto:
562 4378 891 4471 κατολιγωρήσαντες
917 4382 954 4448 δὲ
980 4385 1041 4447 τοῦ
1066 4377 1199 4446 δικαίου
1223 4405 1250 4444 κ.
1275 4403 1301 4443 τ.
1324 4378 1352 4442 λ.
1404 4393 1472 4446 Nam

188 4484 257 4554 quod
276 4484 379 4538 omniuo
399 4486 436 4538 eis
456 4485 641 4553 maledixisset,
660 4487 829 4556 imperatores
849 4487 898 4540 sibi
910 4487 1020 4540 multum
1039 4486 1143 4555 quidem
1162 4485 1291 4551 irrogasse
1305 4483 1359 4536 Pol.
1370 4485 1470 4548 monet3

186 4577 244 4660 lego
265 4594 353 4644 autem
372 4609 431 4644 cum
451 4593 624 4646 constitutum
643 4596 713 4647 esset
730 4575 808 4655 τοὺς
825 4577 858 4643 ἕν
874 4581 922 4663 τῷ
937 4574 1098 4663 συνεδρίῳ
1113 4594 1218 4644 tantum
1234 4576 1473 4662 λοιδοροῦντας

187 4716 269 4768 poena
288 4699 381 4767 dignos
399 4716 462 4766 esse,
488 4699 546 4752 illos
565 4686 627 4749 τοῦ
649 4681 782 4750 δικαίου
804 4685 1082 4771 κατολιγωρῆσαι.
1121 4698 1206 4764 Quare
1225 4700 1273 4753 hoc
1292 4716 1393 4769 quoque
1417 4699 1472 4752 loco

188 4788 262 4842 miles
281 4789 425 4842 calumnias
444 4788 558 4843 adhibet.

277 4878 298 4947 ⁸)
316 4894 407 4946 neque,
427 4880 457 4930 ut
474 4876 544 4930 infra
562 4878 715 4945 videbimus,
734 4879 848 4932 alienum
866 4881 923 4931 erat
942 4896 957 4931 a
975 4878 1098 4947 Polyaeni
1117 4881 1220 4933 natura.
