3330 5542
726 325 937 388 ..27-

187 507 313 608 έβησαν
337 514 416 595 τοὺς
442 512 573 606 ὅρκους,
607 507 839 606 προόθεσαν
870 517 984 605 deep
998 513 1150 606 πλήθει
1170 512 1473 600 βουλεύσασθαι

187 619 282 710 περὶ
309 621 379 686 τοῦ
403 615 589 704 σι’ματος
612 647 639 687 κ.
670 645 697 685 τ.
728 621 769 693 λ,
797 623 908 689 deinde
932 627 951 708 ξ
978 629 1027 702 17,
1050 625 1104 689 ubi
1127 625 1260 706 legimus
1283 625 1375 689 haee:
1401 612 1471 685 ἀλλ’

188 726 297 806 οὕτως
316 721 488 814 ὀλιγώρως
506 728 564 793 καὶ
588 723 795 817 παρανόμως
815 727 1102 818 προσηνέχθησαν,
1123 722 1209 793 dore
1227 771 1272 778 -
1284 725 1326 791 τό
1349 725 1474 815 πέρας

190 832 231 899 ἐκ
262 834 331 921 τῆς
362 826 518 909 πόλεως
545 826 753 920 ἐξήλασαν,
793 855 882 920 porro
915 839 933 919 ξ
970 839 1019 913 18,
1057 834 1111 898 ubi
1143 835 1345 899 inveniuntur
1376 836 1472 899 haee:

189 933 486 1027 παραγαγόντες
510 937 551 1005 δὲ
576 936 701 1004 πάλιν
721 938 815 1024 περὶ
836 943 911 1005 τῶν
933 932 1062 1006 αὐτῶν
1087 982 1132 988 -
1152 938 1377 1022 λοιδοροῦσιν.
1426 942 1472 1006 De

189 1051 289 1135 primo
321 1051 375 1114 illo
408 1051 474 1114 loco
506 1050 583 1114 haee
612 1051 720 1114 sentio,
781 1050 862 1115 Cum
893 1051 1086 1134 Polyaenum
1125 1050 1225 1113 denuo
1263 1050 1472 1133 conscriptum

189 1158 336 1222 militiam
368 1157 557 1221 detrectasse
582 1195 622 1202 —
649 1176 842 1241 quamquam
870 1159 908 1222 de
941 1160 1000 1222 hac
1031 1178 1064 1222 re
1097 1157 1171 1223 certi
1204 1157 1250 1219 nil
1272 1157 1406 1239 legimus
1430 1195 1472 1202 -

189 1266 372 1330 concludere
404 1264 498 1328 liceat
529 1284 565 1328 ex
597 1263 825 1346 indignatione,
867 1286 929 1347 qua
966 1267 1098 1341 exarsit,
1131 1265 1194 1328 veri
1228 1284 1289 1328 non
1322 1264 1472 1328 dissimile

189 1393 264 1437 sane
303 1372 424 1436 videtur
463 1391 530 1436 esse
569 1379 677 1435 contra
709 1391 781 1435 eum
816 1361 1013 1457 devocandae
1044 1363 1178 1457 γραφήν
1209 1391 1277 1436 esse
1310 1372 1472 1436 intentam.

188 1480 292 1559 Quam
316 1480 429 1542 instrui
445 1479 584 1562 potuisse
600 1481 708 1542 contra
724 1499 784 1555 ece,
809 1481 861 1562 qui
885 1474 1121 1558 καταλεγέντες
1138 1499 1200 1543 σου
1219 1480 1342 1562 praesto
1359 1481 1472 1556 essent,

188 1589 301 1652 docent
324 1607 396 1651 cnm
420 1586 473 1649 alii
496 1586 556 1651 loci
580 1590 648 1649 tum
672 1585 733 1650 duo
756 1587 802 1650 hi:
838 1587 956 1669 [Dum]
981 1606 1004 1652 o.
1028 1586 1139 1650 Neaer.
1164 1584 1239 1669 271)
1268 1587 1299 1650 et
1322 1586 1423 1668 [Lys]
1447 1606 1472 1649 c.

187 1695 254 1759 Ale.
277 1695 310 1770 L,
335 1698 363 1757 7.
372 1692 397 1776 2)
430 1683 648 1778 Ἀστρατείον
668 1713 759 1775 porro
783 1714 856 1757 oum
879 1681 997 1776 ἀτιμίᾳ
1018 1693 1161 1776 punitam
1185 1713 1253 1758 esse
1278 1694 1413 1758 sciamus
1437 1713 1473 1757 ex

187 1802 304 1867 Andoc.
327 1801 365 1865 de
398 1803 491 1884 myst.
524 1798 641 1882 574³)
675 1803 707 1864 et
740 1801 873 1878 aliunde,
907 1801 1139 1865 eoncedendum
1172 1806 1220 1865 est
1251 1801 1329 1864 haec
1360 1801 1471 1864 verba:

86 1928 90 1934 ·
188 1897 388 1993 προόθεσαν
407 1898 663 1988 βουλεύσασθαι
682 1904 762 1990 περὶ
781 1907 843 1971 τοῦ
865 1899 1022 1986 σώματος
1036 1908 1152 1972 rectius
1169 1908 1229 1971 dici
1246 1908 1283 1971 de
1299 1908 1355 1970 tali
1379 1925 1474 1971 causa

189 2017 347 2100 quamde
371 2016 485 2079 nostra.
531 2014 569 2078 lei
593 2017 707 2092 autern,
736 2017 768 2079 in
793 2036 887 2098 quem
910 2015 1019 2098 capitis
1044 2015 1214 2079 deminutio
1238 2015 1306 2078 erat
1328 2015 1472 2095 irrogata,

187 2124 311 2186 nullam
327 2123 410 2205 apud
425 2122 542 2185 iudices
559 2141 687 2186 causam
704 2142 794 2204 agere
817 2123 914 2199 licuit,
937 2125 973 2185 ut
996 2122 1086 2186 docet
1101 2120 1202 2204 [hys]
1220 2141 1243 2187 o.
1260 2121 1374 2186 Andoc.
1392 2118 1472 2201 24³)

189 2230 293 2309 Quare
310 2231 364 2294 aut
379 2231 469 2293 litem
484 2217 684 2312 ἀστρατείας
705 2232 857 2312 strategos
882 2230 1024 2294 amisisse
1042 2231 1097 2293 aut
1113 2221 1301 2309 στρατείαν,
1322 2228 1360 2292 ad
1377 2247 1472 2309 quarn

187 2337 357 2421 inscriptus
381 2339 465 2401 esset
487 2336 670 2419 Polyaenus,
704 2338 918 2402 intermissam
951 2356 1018 2400 esse
1050 2337 1139 2400 nobis
1168 2338 1216 2400 est
1248 2335 1471 2399 coniciendum.

187 2445 272 2509 Illud
295 2463 367 2508 curn
390 2463 452 2507 non
475 2445 721 2507 consentaneum
745 2445 786 2507 sit
809 2482 850 2490 -
875 2463 949 2507 nam
974 2446 1056 2508 certe
1079 2444 1111 2506 id
1135 2443 1216 2525 apud
1240 2443 1358 2506 iudices
1380 2442 1472 2505 miles

188 2551 431 2635 praedicavisset
454 2587 505 2626 -,
540 2551 692 2633 expeditio
714 2572 777 2616 non
802 2551 911 2616 effecta
934 2571 1001 2616 esse
1026 2552 1161 2624 videtum
1196 2551 1241 2613 ita
1276 2552 1311 2612 ut
1342 2549 1375 2612 in
1399 2568 1472 2612 eum

188 2651 300 2743 γραφη
323 2646 522 2743 ἀστρατείας
539 2657 652 2722 instrui
676 2660 803 2723 omnino
826 2679 889 2722 nen
912 2659 1055 2742 potuerit.
1102 2657 1191 2736 Quod
1215 2676 1286 2720 cunr
1310 2657 1363 2731 eis,
1393 2675 1471 2736 quae

188 2765 273 2833 infra
294 2765 331 2827 de
356 2784 468 2828 causae
483 2766 608 2829 nestrae
632 2768 770 2849 tempere
787 2766 918 2830 dicenda
942 2768 1040 2842 erunt,
1064 2766 1154 2830 valde
1177 2764 1326 2846 congruit.
1369 2762 1471 2841 Quare

190 2872 229 2935 ad
253 2871 394 2954 superius
418 2871 480 2934 tale
503 2871 653 2936 iudicium
685 2872 740 2935 illa
767 2875 874 2938 verba:
907 2863 1105 2956 προῦθεσαν
1132 2895 1160 2934 κ.
1194 2894 1221 2933 τ.
1256 2867 1284 2933 λ.
1317 2870 1471 2953 pertinere

188 2998 275 3060 nego.
321 2978 417 3056 Quae,
449 2980 486 3040 ut
507 2979 575 3043 Fra.
610 2981 641 3063 (l.
665 2981 684 3044 l.
709 3001 737 3063 p.
763 2978 818 3063 71)
850 2984 933 3045 recte
956 2982 1071 3056 monet,
1096 2981 1148 3055 eis,
1174 2998 1253 3062 quae
1278 2979 1470 3058 sequuntur:

191 3075 414 3168 ζημιώσαντες
446 3080 507 3163 μὲν
539 3076 585 3158 (ὃς
615 3079 673 3170 τὴν
698 3075 799 3172 ἀρχὴν
831 3084 1062 3171 λοιδοροῦντα,
1085 3076 1413 3169 κατολιγωρήσαντες
1434 3079 1470 3145 δὲ

188 3187 249 3248 τοῦ
268 3181 413 3260 δικαίου,
432 3179 629 3267 βιαζόμενοι
643 3181 808 3267 βλάπτειν
831 3185 868 3263 ἐξ
884 3182 1033 3262 ἅπαντος
1052 3181 1154 3269 λόγου
1173 3189 1273 3252 fusius
1296 3187 1471 3250 necessarie

190 3294 388 3376 explicantur.
434 3295 481 3356 Ea
505 3297 611 3358 autem
644 3296 683 3359 ad
710 3297 844 3360 multam
866 3297 1021 3379 Polyaeno
1045 3296 1224 3380 impositam
1248 3295 1398 3378 spectant,
1434 3294 1471 3356 de

191 3419 253 3484 qua
267 3420 353 3464 nunc
375 3401 513 3483 primum
529 3421 632 3465 coram
648 3404 802 3468 iudicibus
827 3406 938 3486 agitur.
970 3404 1100 3467 Moleste
1123 3403 1220 3484 igitur
1242 3403 1301 3466 hoc
1323 3402 1388 3466 loco
1404 3420 1471 3464 rem

190 3508 222 3571 in
245 3508 348 3572 maius
372 3508 491 3571 extollit
514 3508 657 3591 oratore)
681 3548 723 3556 -
747 3511 857 3593 Neque
891 3513 970 3576 alter
1001 3511 1086 3574 locus
1120 3510 1159 3572 ad
1188 3528 1315 3573 causam
1338 3509 1472 3592 priorem

189 3614 368 3679 referendus
393 3617 448 3679 est.
495 3615 613 3698 Capitis
647 3617 732 3680 enim
754 3617 999 3682 deminutionem
1028 3616 1150 3681 etiarnsi
1179 3616 1354 3698 Polyaenus
1383 3615 1471 3679 exilio

280 3840 300 3903 1)
319 3819 379 3890 οὐκ
414 3822 564 3902 ε’ξελθάιν
595 3823 722 3911 ε’κείνην
751 3823 810 3915 τὴν
841 3823 1017 3910 στρατείαν
1046 3825 1188 3914 γραφείς
1206 3820 1275 3891 ὑπό
1298 3820 1471 3912 Στεφάνου

187 3924 308 3994 τούτου
326 3922 525 4016 ἀστρατείας
543 3971 588 3977 —-

277 4045 300 4109 ²)
318 4025 517 4115 ἀστρατείας
532 4031 591 4114 μὲν
606 4028 669 4118 γὰρ
686 4028 826 4108 δικαίως
845 4026 885 4095 ἀν
900 4025 1001 4097 αὐτόν
1020 4027 1149 4097 άλιῦναι
1167 4028 1221 4097 ὅτι
1236 4030 1472 4114 καταλεγεὶς

189 4128 331 4220 ὁπλίτης
356 4127 423 4198 οάκ
451 4133 595 4222 ἐξῆλθε
616 4127 695 4217 μεθ’
723 4129 815 4218 ὑμῶν
836 4128 1185 4222 στρατοπεδευόμενος
1210 4149 1372 4216 (quocunque
1395 4145 1470 4197 modo

189 4238 260 4290 hune
278 4238 363 4291 locum
382 4242 534 4308 corruptum
559 4237 604 4306 [cf.
623 4238 763 4307 Prohberg.
783 4240 873 4294 edil.
893 4259 918 4310 p.
941 4245 999 4307 141,
1019 4241 1112 4296 Tlralh.
1132 4242 1223 4295 Jahrb.
1249 4238 1326 4294 CXV.
1350 4242 1424 4302 1877,
1443 4255 1469 4306 p.

189 4332 241 4381 ‘269
261 4329 329 4397 sqq]
349 4329 496 4392 constituis,
515 4329 543 4381 id
561 4329 631 4398 quod
649 4328 705 4381 uolo
724 4329 936 4394 demonstratur).

279 4427 299 4493 3)
317 4408 456 4491 τούτους
481 4411 551 4481 ε”δει
576 4416 633 4482 καί
653 4410 774 4492 αὐτοὺς
793 4416 851 4482 καὶ
871 4414 950 4493 τούς
970 4415 1005 4482 ἐκ
1037 4413 1163 4482 τούτων
1184 4409 1350 4499 ἀτίμους
1370 4406 1467 4480 εἶναι.

188 4514 245 4582 καί
258 4509 383 4581 όπόσοι
400 4514 534 4582 λίποιεν
549 4516 608 4607 την
621 4514 716 4596 τάξιν
737 4511 1010 4608 ἢάστρατείας
1029 4514 1050 4609 ἢ
1073 4517 1202 4595 δειλίας
1220 4512 1241 4607 ἢ
1263 4511 1469 4602 άναυμαχίου

188 4610 355 4705 όφλοιεν
376 4645 404 4683 κ.
425 4645 451 4683 τ.
471 4621 500 4683 λ.

277 4735 299 4797 ⁴)
318 4719 626 4807 προςεψηηνίσσσθε
663 4720 757 4808 ὑγιεῖς
795 4718 896 4791 αὐτόν
937 4723 1113 4811 εἴργεσθαι
1156 4727 1215 4813 της
1256 4719 1380 4811 ἀγοράς
1412 4721 1469 4786 καὶ

187 4827 255 4889 τῶν
286 4821 395 4911 ἱερῶν,
424 4822 510 4890 ὥστε
539 4820 618 4914 μηδ’
650 4819 869 4911 ἀδικούμενον
900 4824 967 4895 ὑπὸ
1004 4831 1069 4893 τῶν
1102 4828 1233 4913 ἐχθρῶν
1271 4823 1469 4895 δύνασθαι

191 4923 303 5015 δίκην
329 4928 474 5011 λαβεῖν.
519 4938 552 4992 of.
572 4938 603 4994 A.
623 4940 666 4994 Pr.
685 4943 697 4978 ²
715 4959 740 5011 p.
761 4947 821 5007 roc,
841 4961 866 4996 n.
887 4947 928 4996 nc,

278 5030 299 5100 5)
317 5031 350 5086 cf.
371 5049 409 5098 ea,
428 5049 494 5101 quae
511 5031 581 5084 infra
599 5031 648 5086 hoc
667 5033 771 5088 deloco
790 5034 949 5104 dictasunt,
968 5039 996 5090 et
1013 5036 1052 5089 St.
1065 5069 1083 5103 Ι,
1101 5054 1126 5106 p.
1148 5040 1208 5090 516.
